2632 4658
125 161 182 239 aa
462 94 644 268 nyuog'r.
672 164 705 239 1.
762 161 829 241 rs,
856 163 922 241 rc.
1030 164 1033 168 ·

126 345 261 417 obsedit
303 349 350 418 Et
374 371 473 438 quum
499 373 559 440 per
584 349 748 421 sublicium
771 362 918 439 pontem,
947 350 1011 419 hoc
1033 361 1082 421 est
1107 349 1260 438 ligneum,

125 437 262 504 transire
289 447 476 517 conaretur,
506 435 591 504 solus
614 435 731 505 Cocles
752 437 897 505 hostilem
924 436 1078 526 impetum
1091 438 1260 518 ‘sustinuit

127 522 232 587 donec
252 544 271 587 a
292 533 388 623 tergo
410 544 490 610 pons
511 523 685 590 solveretur
703 546 724 589 a
744 522 848 591 sociis.
889 523 963 597 Quo
984 523 1105 603 soluto,
1130 546 1168 591 se
1187 545 1260 591 curu
1304 596 1306 605 ,

26 649 35 680 r
128 607 234 691 armis,
256 606 472 695 praecipitavit
507 607 541 674 in
572 607 736 688 Tiberim
768 619 816 675 -et
848 607 922 675 licet
956 606 1064 677 laesus
1083 608 1130 675 in
1167 630 1260 690 coxa,

103 705 234 760 stamen
253 695 372 767 lineata
392 694 559 781 superarit.
602 693 698 760 Unde
719 703 769 759 est
787 690 862 760 illud
882 695 924 761 ab
945 716 985 761 eo
1004 693 1142 775 dictum,
1163 708 1260 783 quum¹

128 779 159 844 ei
179 780 211 843 in
234 778 368 844 comitiis
390 800 490 845 coxae
515 779 622 846 vitium
643 778 846 868 objiceretur.
888 778 962 845 Per
986 778 1146 866 singulos
1200 802 1261 844 rna·

53 922 57 931 ,
91 864 193 935 ,dns
221 862 405 928 cdnwneor
433 863 606 951 triumphi
632 864 713 929 mei.
753 861 791 929 Iu
814 872 934 931 tantam
953 875 1060 932 autem
1089 863 1159 930 obsi
1182 865 1261 932 'onis
1299 898 1302 905 ·

126 947 347 1016 necessitatem
368 947 502 1037 populus
520 961 666 1029 venerat,
693 961 729 1015 ut
750 962 784 1016 et
804 947 933 1017 obsides
954 949 1061 1018 daret:
1085 950 1261 1037 exquibus

128 1032 276 1117 Cloelia,
294 1033 421 1101 iuventa
442 1035 629 1110 occasione,
660 1035 865 1103 transnatavit
883 1035 1032 1117 fluvium,
1068 1045 1103 1103 et
1120 1034 1261 1103 Romam
1298 1108 1302 1117 ,

85 1129 254 1186 10reversa
281 1131 339 1187 est
381 1119 478 1187 Pacis
502 1120 589 1207 lege
603 1142 686 1208 quae
710 1118 835 1189 reddita
856 1142 966 1188 rursus
991 1132 1057 1202 est,
1085 1142 1158 1187 eam
1178 1120 1260 1189 Por·

127 1224 226 1272 senna
255 1215 428 1294 repetente.
463 1207 527 1281 Qui
554 1204 730 1273 admiratus
757 1205 904 1273 uirtutem
956 1207 1075 1284 hellae,
1112 1204 1205 1274 dedit
1231 1208 1260 1273 ei

126 1314 147 1356 o
169 1291 304 1371 tionem,
332 1302 369 1358 ut
388 1314 461 1358 cunr
483 1292 597 1381 quibus
618 1291 730 1375 uellet,
747 1290 878 1361 rediret.-
917 1230 1093 1378 thelegit
1112 1290 1260 1378 uirgines.

67 1380 70 1389 “
160 1376 223 1440 nde
243 1376 427 1457 Porsenna,
457 1377 688 1465 hocqnoque'
701 1375 849 1459 miratus,
877 1379 1051 1455 concessit,
1079 1386 1113 1443 et
1136 1377 1261 1464 rogavit

126 1485 186 1549 per
212 1460 331 1528 litteras
352 1462 504 1551 populum
523 1465 722 1543 Romanum,
750 1474 787 1530 ut
806 1465 836 1529 ei
857 1463 974 1553 aliquid
1000 1460 1086 1532 virile
1108 1459 1261 1528 decerrle-

60 1544 62 1557 ¹
85 1558 226 1635 leretur.
279 1547 341 1613 Oui
370 1547 446 1615 data
474 1561 524 1619 est
553 1561 662 1619 statua
690 1534 865 1637 erfuestris,
903 1552 1015 1639 qunm'
1029 1548 1062 1614 in
1091 1568 1185 1615 sacro
1210 1546 1263 1615 'ua

126 1631 222 1700 hodie
241 1632 464 1722 conspicimus.
1058 1640 1064 1649 '

484 1772 552 1868 75.
606 1794 910 1894 Hymenaeus.

86 1901 91 1921 ⁸
121 1978 123 1989 .
211 1918 440 2009 Hymenaeus,
482 1942 564 2009 puer
598 1920 863 2003 immanissimus,
933 1936 1030 1983 encre
1065 1915 1263 1985 Atheniensis

128 2002 195 2071 luit.
237 2005 282 2081 ls‘
291 2030 387 2095 quum
410 2028 509 2074 annos
532 2007 658 2095 puerilis
684 2006 797 2074 aetatis
817 2026 897 2072 exce
921 2012 1007 2082 eret,
1033 2024 1139 2090 neque
1158 2002 1263 2071 adhuc

85 2091 229 2156 acorum
255 2092 297 2157 im
320 2093 385 2158 lere
412 2102 539 2181 posset,
568 2115 607 2158 ea
627 2091 861 2180 pulchritudine
881 2088 1043 2178 praeditus
1066 2088 1165 2156 luisse
1185 2087 1263 2156 dici·

127 2189 197 2250 tur,
234 2190 271 2243 ut
298 2116 448 2244 leminam
478 2178 672 2246 mentiretur.
730 2178 830 2245 Istum
885 2196 959 2239 uum
986 2196 1050 2239 una
1078 2196 1117 2240 ex
1145 2172 1263 2245 civibus

127 2261 212 2340 suis,
230 2262 320 2348 virgo
339 2263 468 2345 nobilis,
489 2263 686 2344 adamasset,
705 2265 791 2353 ipse,
813 2198 1026 2327 mediocribus
1042 2270 1130 2327 crtus
1150 2281 1263 2347 paren-

126 2347 228 2427 tibus,
254 2349 329 2437 quia
347 2349 472 2452 nuptias
493 2349 698 2437 desperabat,
727 2346 816 2436 quod
838 2357 965 2434 poterat
984 2354 1108 2424 tamen,
1127 2345 1264 2497 puellam

127 2445 269 2500 extrema
297 2434 522 2509 amonslinea
549 2434 601 2499 dili
629 2456 702 2512 cns,
730 2434 797 2524 ejus
822 2433 926 2500 animo
953 2430 1022 2497 solo
1050 2431 1125 2498 satis
1139 2429 1265 2498 'sciebat

85 2528 271 2607 aaaspectu.
328 2520 501 2610 Quumque
531 2457 650 2586 nobiles
688 2518 824 2586 feminae
860 2518 933 2584 cum
965 2516 1139 2603 virginibus
1172 2537 1265 2582 sacra

130 2605 259 2671 Cereris
297 2604 468 2673 Eleusinae
505 2605 726 2682 celebrarent,
769 2603 873 2689 subito
912 2600 1050 2669 adventu
1091 2601 1267 2691 piratarum

128 2711 165 2754 ra
189 2699 243 2756 tae
274 2702 367 2772 suut3
403 2691 487 2758 inter
514 2714 594 2778 quas
631 2702 664 2756 et
693 2691 919 2778 Hymenaeus,
962 2681 1021 2776 qui
1045 2686 1096 2754 illo
1127 2699 1266 2755 amatam

129 2713 318 2845 suhsecutus
344 2776 466 2859 fuerat,
508 2799 581 2842 cum
608 2774 710 2864 puella
737 2776 899 2864 abripitur.
933 2773 1057 2847 „Quum
1080 2773 1181 2861 igitur
1208 2793 1266 2860 per

73 2870 76 2874 ’
128 2859 302 2962 longinqua
338 2863 439 2929 maria
454 2892 457 2897 ·
473 2861 627 2951 praedam
663 2863 784 2951 piratae
816 2859 993 2941 venisseut,
1031 2857 1074 2925 ad
1105 2859 1267 2949 quandam

86 2954 122 3002 30
130 2962 294 3032 regionem
320 2947 449 3015 tandem
477 2948 679 3035 perveniunt,
711 2949 764 3012 ubi
786 2958 819 3013 et
844 2967 956 3013 somno
987 2944 1088 3033 pressi
1102 2945 1155 3010 ab
1181 2944 1266 3011 inse-

129 3032 298 3120 quentibus
330 3047 405 3102 sunt
432 3036 575 3122 peremti.
618 3034 843 3123 Hymenaeus,
871 3030 986 3096 relictis
1014 3029 1058 3095 ibi
1080 3029 1266 3117 uirginibus,

130 3140 279 3184 reversus
301 3119 457 3202 Athenas,
485 3133 597 3207 pactus
626 3133 675 3186 est
696 3144 714 3186 a
733 3120 852 3184 civibus
872 3116 1008 3182 dilectae
1032 3135 1110 3181 suae
1130 3116 1267 3203 nuptias,

130 3204 157 3269 si
187 3204 232 3269 eis
264 3204 343 3272 filias
374 3228 449 3271 suas
478 3206 669 3272 restitueret.
727 3205 817 3278 Quas
845 3202 899 3267 ubi
930 3222 989 3288 pro
1017 3211 1091 3266 voto
1117 3201 1267 3281 restituit,
1297 3286 1300 3291 Ι

131 3301 312 3378 exoptatam
331 3292 456 3380 accepit
471 3313 612 3358 uxorem.
654 3289 751 3363 Quod
772 3286 954 3377 conjugium
970 3286 1043 3374 quia
1060 3284 1132 3351 felix
1150 3286 1266 3370 fuerat,

87 3394 123 3442 nu
130 3370 247 3464 placuit
270 3377 512 3466 Atheniensibus
536 3397 652 3441 nornen
673 3373 854 3465 Hymenaei
875 3371 990 3465 nuptiis
1010 3369 1155 3475 miscere.
1254 3392 1257 3396 ·

357 3548 425 3625 76.
479 3548 691 3650 Orpheus
719 3559 761 3621 et
788 3544 1031 3647 Eurydice.

215 3681 385 3770 Orpheus,
415 3680 486 3746 Oea
513 3679 540 3745 ri
568 3690 602 3747 et
623 3675 785 3764 Calliopae
806 3674 921 3741 Musae
946 3672 1060 3753 lilius„
1077 3679 1115 3737 nt
1137 3666 1269 3758 quidam

130 3779 262 3855 putant,
295 3766 444 3855 Apollinis
473 3701 569 3830 filiam
601 3762 713 3831 hahuit
743 3783 878 3827 uxorem
907 3757 1102 3846 Eurydicen.
1160 3756 1279 3831 Quam·

132 3854 209 3920 dum
234 3852 413 3930 Aristaeus,
443 3850 586 3938 Cyrenes
611 3849 711 3928 filius,
739 3859 867 3936 pastor,
895 3846 1029 3932 cupidus
1056 3841 1269 3929 persequitur,

90 3939 240 4004 sovolens
262 3961 334 4006 eam
354 3948 517 4024 stuprare,
538 3935 589 4001 illa
610 3935 738 4021 lugiens
760 3931 1183 4015 concubitum,.scrpentem
1205 3946 1269 3991 non

132 4025 299 4103 devitavit3
333 4034 366 4090 et
394 4022 475 4087 haec
501 4022 530 4086 ci
556 4042 654 4086 causa
682 4021 791 4086 mortis
819 4018 887 4084 suit.
939 4014 1106 4115 Orpheus,
1135 4024 1270 4112 coactus

131 4111 290 4175 desiderio
318 4107 482 4193 conjugis,
515 4107 646 4174 tentavit
672 4103 845 4185 ,dulcedine=
867 4113 980 4169 cantus
1010 4101 1152 4165 citharae
1172 4097 1271 4164 lenire

129 4196 238 4264 Ditem
261 4208 293 4262 et
315 4193 556 4280 Proserpinam,
579 4191 605 4258 si
626 4202 735 4280 posset
753 4187 938 4278 Eurydicen
961 4186 1002 4255 nd
1023 4206 1157 4273 superos
1180 4205 1271 4250 revo-
