2632 4658
27 259 31 268 Ι
140 151 199 227 50
459 150 643 265 Mytlrogr.
671 155 703 226 1.
758 151 878 229 87-
897 151 965 230 90.

422 276 424 281 '
565 337 633 414 87.
687 334 877 416 Orista.x
946 284 950 299 ·
1034 280 1068 310 .·

231 483 360 565 Orista,
400 495 511 575 pastor
539 486 644 565 Oenti
675 489 784 576 regis,
823 482 922 580 qnnin
953 487 1076 558 rideret
1105 512 1282 581 caprumn

145 591 252 658 grege
271 571 397 660 saepius
418 571 652 654 discedentem,
674 595 749 642 enm
770 592 918 658 secutus,
947 599 1041 642 uram
1058 575 1282 664 depascentem
1309 609 1316 616 ²

145 657 263 724 invenit
290 657 322 722 in
343 657 419 744 ,ripa
439 658 567 723 Achel‘
598 658 753 728 fluminis:
782 684 879 749 quam
907 662 1013 728 statim
1039 665 1217 750 expressit,
1244 673 1280 731 tc'
1313 695 1316 706 ·

119 742 190 811 cde
218 765 301 828 aqua
322 742 451 808 Acheloi
473 745 517 808 liu
562 744 627 825 nis,
654 744 746 829 iuxta
770 769 865 833 quam
889 749 996 813 luerat
1023 746 1167 831 inventa,
1198 772 1280 817 cora·
1310 773 1316 796 ¹

144 829 287 906 miscuit,
325 828 502 915 obtulitque
528 831 617 917 regi,
654 830 706 917 qui
735 853 794 898 suo
824 833 950 901 nomine
980 833 1110 901 Graeco
1136 844 1280 905 sermone

145 916 258 997 circu,
286 911 320 980 id
342 924 392 981 est
412 915 533 998 riuum,
561 913 736 1005 appellarit.

35 1080 37 1083 Ι
82 1150 86 1176 ¹
145 1134 214 1211 88.
247 1112 425 1234 ΙΪ.ἰ1)ει··,
461 1137 669 1232 Silenus,
706 1135 854 1212 Midas
884 1163 962 1212 rex
991 1149 1034 1213 et
1062 1106 1280 1216 Pactolus

617 1240 807 1314 fluvius.

101 1398 139 1448 ro
229 1386 345 1466 Liber,
373 1382 515 1451 Thracia
540 1378 723 1468 digressus,
753 1409 850 1478 quum
878 1386 910 1453 in
940 1386 1057 1455 'I'molo
1084 1399 1197 1459 monta
1221 1390 1278 1460 iter

60 1550 63 1554 ,
144 1484 279 1558 ageret,
321 1470 466 1549 Silenus,
508 1470 643 1536 nutritor
672 1472 759 1554 e'us,
801 1498 821 1542 a
852 1472 1038 1562 Phrygibus
1069 1487 1202 1565 captus,
1239 1477 1279 1544 ad

142 1558 263 1623 Midam
292 1579 404 1644 regem
433 1553 548 1620 ductus
576 1567 633 1621 est.
684 1496 807 1624 dilenus
835 1568 962 1641 autem,
1002 1560 1130 1648 agnitus
1159 1563 1203 1628 ab
1230 1585 1278 1644 eo,

143 1656 296 1732 acceptus
313 1654 372 1723 est,
391 1653 424 1708 et
441 1640 561 1705 Libero
582 1639 759 1710 advenienti
777 1640 930 1709 redditus.
971 1643 1017 1714 Elt
1032 1647 1074 1711 ob
1093 1647 1278 1714 beneficium

143 1729 264 1815 optanti
290 1727 369 1794 deus
394 1727 558 1793 arbitrium
579 1726 610 1791 ei
631 1725 737 1807 dedit,
767 1727 896 1816 siquid
923 1727 1033 1807 vellet,
1059 1753 1138 1798 ase
1157 1745 1276 1822 petere.

102 1814 200 1880 151lle
227 1836 303 1879 vero
331 1813 425 1903 petit,
455 1823 506 1891 ut,
538 1834 622 1900 quae
644 1813 846 1901 contigisset,
875 1835 989 1879 aurum
1010 1816 1133 1884 fierent.
1182 1818 1277 1895 Quod

123 1900 249 1982 -inutile
282 1900 349 1966 fuit
413 1896 498 1963 Nam
531 1898 638 1985 coepit
670 1899 720 1964 sui
750 1898 817 1967 voti
850 1899 968 1965 affectu
989 1897 1049 1969 'tor
1073 1902 1162 1983 ueri3
1206 1904 1276 1991 quia

141 1983 293 2076 quicquid
321 1983 492 2069 tetigerat,
521 2004 633 2049 aurum
662 1984 768 2051 statim
794 1981 1002 2053 efficiebatur.
1087 1987 1117 2062 ui
1145 1990 1275 2076 petenti,

140 2083 178 2138 ut
212 2071 434 2138 restitueretur
466 2068 545 2150 sibi,
590 2068 673 2136 fecit
740 2066 842 2136 lussit
871 2069 985 2155 enim,
1014 2081 1051 2138 ut
1083 2069 1127 2137 ad
1159 2074 1278 2141 flumen

140 2156 309 2223 Pactolum
339 2154 538 2244 perveniret,
569 2155 620 2219 cui
648 2174 684 2220 se
712 2168 772 2243 sup
797 2164 924 2234 oneret,
960 2164 993 2223 et
1021 2158 1069 2227 sio·
1095 2154 1218 2226 rediret
1245 2160 1276 2225 in

99 2243 305 2329 sopristinnm
338 2252 464 2307 stanna
522 2240 596 2313 Quo
629 2238 736 2323 sacto,
774 2180 931 2309 l³actolus
976 2238 1128 2330 deinceps
1165 2266 1275 2314 arenas

142 2349 255 2393 aureas
281 2326 409 2394 trahere
438 2324 563 2392 dicitur.
1221 2330 1238 2359 ⁸

426 2592 430 2603 -
454 2540 525 2617 89.
578 2542 644 2616 De
671 2522 774 2647 ortu
807 2540 959 2613 Panis.

225 2691 307 2756 Post
330 2701 466 2757 mortem
486 2687 586 2754 Ulixis
605 2687 782 2754 Mercurius
805 2710 879 2756 cnm
900 2706 1001 2753 uxore
1015 2684 1089 2775 'ejus
1111 2685 1276 2781 Penelope

140 2777 331 2856 concubuit;
362 2795 445 2864 quas
472 2775 531 2839 sibi
555 2774 647 2863 juxta
672 2773 832 2861 oppidum,
845 2773 996 2863 Tegeam
1015 2772 1142 2861 peperit
1160 2776 1271 2862 filium,

97 2862 210 2931 25Pan
232 2862 365 2928 nomine.
405 2859 503 2926 Unde
529 2873 562 2928 et
580 2860 735 2947 Tegeeus
759 2857 896 2943 dicitur„
982 2912 985 2920 .

585 3089 654 3166 90.
705 3095 823 3204 ΡΜ.

223 3247 293 3312 Pan
334 3267 430 3331 quum
469 3241 639 3322 Tmolum,
684 3253 823 3309 montem
861 3240 1008 3330 Lydiae,
1056 3243 1273 3332 frequentans,

37 3384 40 3388 «
137 3333 241 3402 fistula
265 3355 301 3397 sc
323 3331 517 3407 oblectaret,
546 3327 717 3415 Apollinem
738 3329 769 3392 in
790 3338 950 3408 certamen
976 3330 1135 3410 evocavit,
1165 3329 1272 3397 ‘udice

137 3421 263 3487 'l'molo
293 3416 407 3504 Itaque
421 3438 518 3502 quum
533 3412 664 3501 Apollini
686 3414 816 3480 victoria
840 3425 925 3480 esset
945 3412 1143 3502 adjudicata,
1200 3415 1273 3482 idae

95 3509 207 3593 soregi
236 3503 392 3570 adsidenti
420 3501 478 3567 soli
504 3498 668 3585 displicuit
711 3499 880 3572 Quamob
905 3521 1034 3567 causam
1060 3499 1142 3567 deus
1170 3503 1271 3569 iratus

137 3616 229 3658 aures
264 3590 331 3679 ejus
362 3588 498 3654 asininos
531 3586 615 3652 fecit
677 3583 733 3650 llle
763 3586 900 3651 criminis
931 3585 979 3650 sui
1008 3598 1116 3653 notam
1149 3587 1272 3655 tonsori

135 3692 258 3744 tantum
287 3675 440 3755 ostendit,
472 3672 667 3761 praecipiens
697 3670 743 3751 ei,
774 3682 826 3750 ut,
855 3671 882 3736 si
908 3671 1026 3736 crimen
1051 3671 1119 3762 ejus
1141 3672 1270 3754 celaret,

136 3763 323 3850 participem
344 3756 416 3833 e‘um
442 3760 535 3845 regni
560 3759 713 3825 efficeret.
762 3756 819 3822 Ille
840 3767 957 3822 terram
982 3756 1079 3831 fodit,
1108 3767 1141 3823 et
1162 3781 1270 3825 secre-

11 3914 12 3919 ,
136 3864 202 3922 tum
235 3846 353 3912 domini
385 3846 433 3910 sui
464 3846 497 3908 in
531 3842 663 3909 defossa
697 3856 804 3909 terrae
843 3842 936 3921 dixit,
974 3854 1007 3908 et
1037 3843 1170 3929 operuit.
1232 3844 1268 3910 In

95 3936 253 4012 35eodem
273 3932 343 3997 loco
367 3930 506 4010 calamus
528 3941 578 3994 est
599 3939 707 4007 natus,
737 3927 822 3992 unde
843 3925 903 3993 sibi
924 3939 1033 4014 pastor
1052 3929 1166 3993 tibiam
1183 3926 1267 4008 fecit,

137 4044 229 4107 (puae,
248 4038 344 4107 quum
358 4017 603 4102 percutiebatur,
615 4014 757 4080 dicebat:
771 4012 884 4086 ,Mida
903 4034 965 4076 rex
985 4034 1090 4076 aurea
1105 4013 1267 4079 adnitar

135 4104 247 4170 babet.
296 4100 437 4178 Quidam
468 4100 616 4183 tradunt,
650 4121 714 4164 non
742 4099 895 4181 Panem,
915 4096 974 4165 sed
1001 4097 1166 4187 Marsyam
1194 4121 1267 4168 cum

21 4285 24 4297 Ι
135 4191 276 4279 Apolline
300 4199 450 4261 certasse.
934 4216 950 4307 ί·-
