2632 4658
136 155 217 233 160
421 174 447 227 .“
485 156 767 259 nifiagum
815 150 862 235 Ε.
915 156 1059 235 1-2.

19 336 51 411 .'
100 334 104 339 ’
138 341 179 407 ab
206 312 573 418 ilis‘Emtofuteulm
614 337 661 405 ris
688 349 796 429 antem
823 337 894 442 ejus
923 337 966 405 ad
996 360 1071 409 ares
1084 390 1091 399 ·
1104 352 1138 411 et
1174 342 1266 413 locos

157 424 281 491 ertinet.
321 424 441 490 Verum
464 421 601 524 denique
631 444 747 488 nomen
769 445 903 491 nummus
925 425 1060 506 Vestae,
1098 429 1287 516 quodnisi.

192 530 265 577 mae
284 518 457 594 praeerat,
480 509 561 573 sein-
580 529 746 574 sacrorum
777 508 808 573 le
833 530 852 573 e
873 508 1118 611 prohibebatur.-
1155 514 1265 598 Quod,
1293 572 1296 577 .

137 594 206 663 ntl
250 593 332 671 ‘tur,
364 612 460 659 ausus
504 590 610 658 uidam
631 594 776 658 tribanus
800 530 899 681 pllebm
920 594 1101 678 enuntiare,
1134 598 1168 663 in
1191 622 1266 666 cru-

113 697 211 748 eeem
242 688 350 744 eratus
374 688 432 767 est
473 615 569 742 llnde
589 660 662 743 laad
673 677 838 765 Virgilium
866 679 933 767 peri
957 680 1041 747 lurasl
1070 703 1163 749 nsum
1187 685 1267 753 diei-
1304 722 1307 727 ·

139 785 227 832 mus:
267 761 443 858 Vestaque
471 773 601 833 muter.
645 786 732 850 qaue
766 762 914 831 sllrseam
970 762 1094 831 iterim
1120 766 1158 833 e‘t
1180 772 1269 871 'Ro-¹

25 980 29 988 .
137 846 1267 1027 ltl‘llt‘ltttlttullllulllllfat'tltlfflllt‘fllt

138 1017 249 1085 Palilia
269 1015 458 1094 nauseat,
481 1014 691 1097 solvebantur,
712 1015 764 1083 alii
786 1030 919 1084 matrem
931 1028 1046 1101 terrae,
1067 1021 1118 1089 elli
1132 1024 1266 1099 Vestam

95 1104 252 1177 revolant.
293 1102 390 1167 Hane
411 1100 560 1188 Virgilius
580 1125 703 1190 genere
730 1103 878 1193 feminino
901 1104 1055 1194 appellat,
1084 1107 1155 1191 alii,
1183 1111 1267 1180 inter

135 1211 217 1279 qnos
238 1186 358 1261 llarro,
386 1187 593 1253 masculino..
978 1222 981 1227 ·
1164 1250 1167 1261 ,
1195 1238 1200 1254 .

222 1270 371 1343 Nonnulli
403 1272 576 1337 Saturnum
615 1294 756 1339 auorum
788 1293 945 1355 sensum,
978 1272 1014 1341 id
1044 1287 1095 1344 est
1125 1275 1265 1348 divinam

135 1357 493 1449 providentiamomnia
519 1367 759 1443 procreantem,
797 1356 862 1422 sive
890 1370 1029 1426 satorem
1056 1364 1200 1433 omnium
1217 1366 1265 1433 in-

138 1453 372 1532 terpretantnr.¹
414 1442 502 1513 Inter
522 1443 590 1531 ejus
622 1454 760 1529 quatuor
787 1441 867 1509 lilios
898 1443 1034 1531 primum
1051 1446 1184 1531 dorem,
1212 1476 1264 1519 ee-

94 1528 277 1617 sspundam
300 1528 477 1607 lunonem,
514 1528 641 1594 tertium
676 1526 876 1615 Neptunum,
916 1542 1062 1616 quartum
1091 1526 1263 1603 Plutonem

135 1615 205 1683 sivo.
222 1612 328 1679 Ditem
359 1612 532 1698 assignant.
584 1611 692 1698 Ipsum
727 1612 822 1678 etiam
849 1611 988 1683 Pollucis
1017 1616 1155 1703 lilium,
1217 1624 1263 1691 mi

132 1693 332 1789 polyfllium
360 1695 394 1761 id
416 1708 467 1765 est
487 1695 601 1763 multos
623 1696 702 1764 filios
731 1695 918 1779 habentem,
952 1712 1088 1788 quatuor
1117 1704 1170 1773 rid
1202 1709 1266 1776 'cet

136 1784 292 1853 elemma
312 1780 516 1870 gignentem,
546 1781 664 1849 dieunt.
705 1781 820 1848 lovem
844 1804 916 1849 nam
939 1807 981 1851 ue
1001 1787 1126 1877 physici
1143 1792 1267 1861 aetde-

135 1891 226 1945 rem,
242 1866 280 1932 id
301 1880 350 1935 est
369 1868 494 1954 ignem
513 1868 671 1934 Junonem
693 1889 768 1933 vero
790 1873 922 1947 adrem,¹
963 1874 1114 1958 eptunurir
1130 1876 1264 1966 'aquam

92 1953 307 2104 ²⁰P¹¹¹l39⁰¹¹1
325 1966 444 2021 terram
463 1953 594 2042 intelligi
615 1953 789 2021 voluerunt.
838 1954 905 2021 Sed
917 1954 971 2024 .de
990 1957 1072 2027 Jove
1091 1971 1264 2035 uenatum

135 2060 344 2107 exortamur.

508 2252 550 2328 ἃ
602 2252 927 2357 Juppssem,
1051 2340 1055 2347 .

219 2387 249 2453 1.
288 2385 400 2453 Jorem
447 2393 481 2449 et
524 2381 701 2465 Juuouem,
758 2387 792 2454 id
836 2401 888 2457 est
929 2388 1039 2475 iguem
1079 2395 1114 2455 et
1153 2391 1265 2455 aierem

134 2474 283 2560 quoniam
303 2473 394 2561 paria
422 2468 578 2536 tenuitate
607 2469 763 2539 elementa
792 2494 865 2541 esse
894 2474 1056 2552 videntur,
1088 2493 1266 2559 germanos

72 2569 208 2624 *ncesse
229 2557 383 2625 dixerunt
425 2554 510 2628 Quia
538 2576 613 2621 vero
636 2555 740 2637 Juno,
770 2558 833 2625 hoe
853 2568 903 2625 est
924 2565 998 2638 air,
1029 2558 1098 2645 igni
1118 2559 1266 2648 subjecta

135 2655 200 2722 est,
224 2644 298 2733 jure
327 2640 528 2730 superposito
549 2639 651 2706 mariti
680 2664 795 2709 nornen
824 2642 934 2711 datum
963 2654 1022 2711 eat.
1062 2643 1135 2710 Hos
1156 2657 1265 2712 entem

134 2730 245 2795 ambos
266 2753 286 2794 a
299 2729 459 2816 juvando
481 2723 635 2790 dixerunt.
680 2727 773 2793 Nulla
794 2730 876 2795 euim
898 2752 951 2796 res
972 2730 1019 2796 sic
1040 2728 1129 2794 louet
1147 2732 1264 2808 omnia,

133 2813 404 2901 quemadmodum
432 2809 526 2875 calor.
579 2810 651 2875 Nec
680 2812 748 2877 sine
776 2819 853 2880 aere
885 2815 982 2880 ullum
1016 2814 1131 2879 animal
1158 2815 1267 2882 rivere

136 2911 251 2986 potest
291 2899 468 2965 Praeterea
490 2895 617 2960 Graece
636 2896 782 2985 luppiter
803 2894 894 2976 Ζεύς
923 2898 1055 2980 dicitnr,
1087 2898 1178 2987 quod
1197 2901 1265 2969 ha·

91 2985 199 3051 cotiae
218 2983 314 3049 color
333 2986 398 3051 sive
418 2980 494 3047 vita
513 2980 750 3067 interpretatur,
775 2985 862 3072 qnod
883 2983 1028 3052 videlicet
1044 2984 1109 3051 laec
1126 2986 1266 3052 elemen-

133 3081 201 3137 tum
227 3069 346 3149 caleat;
364 3080 415 3136 'et
444 3064 531 3153 quod
558 3066 625 3153 igni
647 3068 746 3148 vitali,
782 3082 818 3136 ut
838 3070 1019 3137 Heraclitus
1039 3069 1124 3151 vult,
1156 3074 1264 3145 omnia

134 3156 198 3221 sint
219 3154 365 3221 animata.
405 3152 552 3238 luppiter
580 3174 660 3237 ergo
715 3154 783 3220 nasi
806 3156 942 3241 juvans
966 3165 1072 3243 poter
1098 3178 1266 3246 nuncupe-

134 3252 203 3320 tur;
230 3240 362 3329 ipseque
383 3250 448 3316 est,
489 3236 542 3321 qui
564 3234 604 3301 liu
632 3261 673 3303 ua
726 3263 852 3306 scoram
875 3238 1005 3319 aluce,
1039 3264 1133 3328 quem
1162 3244 1266 3309 laomi·

132 3328 224 3391 nibus
245 3335 409 3414 praestare
430 3330 571 3409 putatur,
633 3324 787 3411 ueeejus,
809 3347 830 3390 a
850 3325 972 3391 Latinis
993 3347 1069 3393 vero
1088 3327 1265 3418 Diespiter,

90 3411 166 3479 aoid
188 3422 236 3478 est
255 3410 328 3475 diei
345 3420 448 3496 poter
467 3404 651 3494 appellatur.
1052 3443 1061 3456 ·

213 3498 244 3563 2.
288 3496 386 3561 Hunc
406 3494 567 3560 homiuum
596 3503 692 3579 atque
719 3491 852 3559 deorum
882 3507 1044 3561 aeternam
1073 3497 1264 3579 vocaevtr-

131 3581 225 3670 gilius
247 3591 444 3669 potestatem.
487 3578 583 3645 Unde
603 3600 698 3643 unam
720 3600 789 3643 rem
810 3578 986 3645 secundum
1004 3582 1163 3669 physicos,
1185 3583 1264 3651 alte-

122 3689 198 3733 ¹ram
222 3665 398 3733 secundum
416 3662 656 3731 mathematicos
676 3662 807 3729 Probus
829 3665 982 3750 assignat
1031 3666 1116 3733 Nam
1142 3666 1264 3749 divum,

131 3751 250 3838 inquit,
284 3763 427 3840 potestas
466 3761 516 3817 est
542 3748 707 3837 Juppiter,
746 3749 820 3835 quia
849 3750 920 3836 ipse
955 3761 1005 3818 est
1036 3752 1169 3835 aether,
1206 3756 1264 3844 qui

90 3835 360 3903 welementomm
382 3834 527 3924 possidet
547 3835 775 3921 principatum3
794 3834 955 3900 hominum
975 3833 1060 3916 idco,
1083 3840 1159 3927 quia
1177 3840 1264 3908 bom

133 3922 261 3988 Jovialis
283 3921 392 3989 stellae
411 3918 574 3985 irradiatio
595 3920 733 3986 honores
763 3920 942 3986 hominibus
969 3921 1095 4005 tribuit3
1129 3937 1264 3993 aeterna

131 4030 206 4074 uero
229 4020 358 4096 propter
387 4005 518 4072 aliorum
540 4005 701 4072 numinum
726 4003 959 4072 discretionem.
1011 4008 1096 4073 Nam
1121 4008 1262 4098 legimus

130 4107 164 4161 et
191 4092 362 4180 Apollinem
392 4091 528 4157 divinam
561 4100 752 4177 potestatem
788 4089 996 4178 deposuisse,
1031 4106 1065 4160 et
1085 4094 1273 4165 Herculem*

131 4179 347 4271 Liberumque
373 4188 497 4268 patrem
518 4198 582 4245 non
611 4197 740 4265 semper
769 4174 850 4244 deos
880 4176 987 4245 luisse.
1040 4179 1203 4268 Legimus
1230 4194 1263 4252 et
