2632 4658
146 176 296 271 rar)
426 170 998 275 reparandam-a.
1102 194 1105 205 .

144 357 223 423 alius
250 364 323 444 per.
336 351 568 434 duodennium,
596 363 632 420 ut
657 353 821 443 luppiter,
855 354 991 424 circulos
1016 376 1095 435 suos
1112 360 1274 443 'pertran-

63 470 67 477 *
145 451 251 527 scant,
279 443 437 509 Saturnus¹
455 439 553 506 XXX
572 441 725 509 annosiu
747 440 865 509 circuli·
878 443 928 509 sui
948 439 1178 532 peragratione
1198 464 1275 509 con,

146 528 250 594 sumit.
728 582 732 591 .
1041 576 1048 583 .

228 614 260 697 4.
287 612 412 677 Senem
426 629 499 675 enm
518 605 714 696 depingunt,
736 610 811 699 quia
830 610 917 679 sicut
934 632 1033 678 senex
1053 618 1105 677 est
1125 609 1286 677 a'oalore-

122 696 314 799 ejurentutis
335 695 502 763 destitutus
524 705 558 761 et
578 693 767 781 frigiditate.
780 696 905 776 laborat
933 696 1101 783 (minuitur
1131 695 1217 762 enim
1243 696 1274 763 in

145 784 182 848 ris
200 782 350 868 sanguis,
371 779 458 848 unde
478 790 512 846 et
530 778 707 865 tremunr);
728 781 771 847 ita
793 793 827 848 ct
845 782 939 871 hujus
959 781 1047 849 stella
1069 780 1275 868 frigidissima

145 867 362 934 existimatum·
383 866 462 933 Nec
477 857 613 944 mirum,
647 886 746 954 quum
766 889 786 932 a
807 866 893 947 sole,
922 891 942 933 a
969 889 1034 956 quo
1062 867 1166 933 omnis
1186 865 1273 933 calor

146 951 310 1039 procedit,
329 950 388 1018 ait
402 950 639 1030 remotissima,
676 953 841 1039 quamsit
870 952 960 1041 aquis
986 952 1273 1041 supercaelestibus

147 1038 264 1115 vicina,
293 1047 328 1103 et
347 1058 445 1139 quum
465 1036 498 1101 iu
525 1036 624 1123 siguis
645 1037 877 1116 remotissimis,
907 1061 991 1140 quae
1010 1063 1031 1106 a
1048 1038 1202 1126 temporis
1224 1024 1272 1105 sui

106 1123 265 1190 auadectu
294 1121 412 1208 lrigrda
439 1134 624 1200 censentur,
666 1122 796 1208 aquario
835 1123 980 1192 videlrcet
1011 1134 1044 1193 et
1073 1125 1287 1211 capricorno,-

146 1207 302 1295 domicilia
329 1230 387 1273 sua
416 1205 550 1289 habeat3
577 1207 610 1272 in
637 1208 767 1294 quibus,
807 1209 929 1275 etiamsi
957 1231 1032 1276 cum
1050 1208 1130 1275 sole
1149 1210 1271 1298 positus

146 1293 257 1372 suerit,
301 1291 518 1380 gravissimam
549 1303 656 1359 tamen
686 1294 777 1359 nobis
814 1293 941 1382 frigoris
979 1293 1145 1362 uredinem
1174 1310 1272 1362 creat.

140 1381 233 1458 ‚Sunt
257 1388 363 1445 tamen
394 1377 447 1464 qui
468 1390 630 1457 asserant,
659 1400 732 1445 eum
764 1401 826 1444 non
848 1403 887 1445 ex
907 1403 966 1447 aua
986 1382 1117 1455 umbra,
1150 1379 1210 1446 aed
1232 1382 1271 1447 ab

146 1465 265 1530 effectu
287 1461 438 1549 frigidum
456 1463 651 1552 nuncupari,
705 1463 768 1530 uod
790 1487 849 1531 sua
868 1464 1014 1534 videlicet
1034 1463 1272 1533 constellatione

105 1566 139 1633 rc
148 1549 305 1616 contraria
326 1547 467 1615 homiues
488 1559 610 1615 enecet
661 1487 780 1617 llortui
807 1572 881 1616 vero
911 1551 1019 1639 frigidi
1050 1563 1133 1619 sunt.
1176 1548 1272 1625 Quod

145 1633 173 1700 si
195 1656 304 1700 verum
323 1645 388 1712 est,
427 1654 489 1698 non
517 1633 691 1722 improprie
720 1657 819 1702 senex
845 1636 993 1724 fingitur,
1034 1658 1132 1726 quum
1161 1657 1272 1703 senum

144 1721 202 1801 sit,
235 1721 328 1786 morti
349 1740 476 1808 semper
495 1740 567 1785 esse
587 1719 713 1787 ricinos.
757 1719 908 1809 Frigidus
938 1735 1092 1790 tamena
1119 1721 1272 1788 nonnullis

145 1829 184 1871 eo
206 1816 346 1885 tantum,
371 1803 458 1892 quod
480 1825 600 1871 nocens
618 1806 673 1882 sit,
706 1803 810 1873 dictus
832 1819 890 1874 est.
932 1807 1029 1882 Quod
1060 1811 1168 1873 autern
1191 1804 1268 1892 sri—
1310 1828 1312 1835 ·

141 1889 251 1976 gidus
268 1913 328 1979 pro
349 1911 471 1956 noceas
490 1901 646 1991 ponatur,
668 1891 925 1961 taruanorum.
955 1894 994 1969 Iu
1007 1891 1138 1980 Virgilio
1162 1913 1269 1959 exem-

102 1976 232 2065 tuplum
252 1977 369 2057 habes,
397 1975 451 2041 ubi
472 1987 531 2042 art:

208 2058 273 2125 Fri
300 2062 436 2139 intumo
482 2059 559 2127 ucri
574 2057 701 2146 sugite
718 2060 822 2127 hinc!
849 2061 937 2127 latet
957 2061 1144 2149 anguiein
1157 2058 1272 2127 herba.

145 2146 253 2212 Senex
272 2084 345 2212 deni
369 2166 410 2211 ue
434 2082 480 2211 od
498 2144 560 2211 hoc
604 2166 709 2232 unque
731 2169 792 2210 non
813 2146 992 2249 incongrue
1012 2146 1116 2213 dictus
1136 2145 1273 2228 videtur,

15 2266 18 2273 >
144 2229 231 2381 puod
249 2231 331 2323 sicut
347 2170 525 2315 lrigiditate
546 2237 580 2295 et
622 2252 731 2330 umore
751 2231 966 2334 phlegmatica
986 2254 1027 2299 ex
1043 2242 1158 2321 natura
1173 2232 1272 2301 abun-

79 2391 83 2395 ,
168 2326 224 2383 aut
250 2339 362 2398 senes,
402 2317 447 2382 ita
478 2327 511 2383 et
537 2339 565 2382 a.
589 2315 706 2400 signis,
749 2338 937 2406 capricorno
960 2331 994 2388 et
1015 2317 1165 2407 aquario,
1205 2318 1289 2406 qui·'

103 2402 204 2469 asbus
225 2411 352 2489 praeest
370 2400 544 2480 Saturnus,
576 2400 678 2486 frigus
699 2402 790 2468 nobis
816 2414 849 2469 et
868 2404 1008 2491 pluvias,
1046 2402 1209 2471 mensibus
1229 2403 1271 2468 ri-

146 2488 261 2556 delicet
280 2487 431 2554 Jauuario
453 2498 486 2556 et
505 2486 701 2566 Februario,
732 2488 898 2575 provenire
918 2489 1069 2557 sentimus
1091 2488 1181 2555 annis
1210 2486 1272 2554 sin-
1310 2518 1312 2561 ς

146 2572 239 2674 gulis.
293 2570 472 2659 Propterea
499 2594 632 2721 puoque
672 2571 809 2640 eundern
845 2596 959 2641 canum
989 2575 1142 2663 pingunt,
1185 2560 1272 2661 qlrud
1289 2578 1312 2597 ‘¹

169 2680 273 2723 rumas
295 2670 328 2725 et
348 2659 433 2724 nives
454 2656 496 2723 ibi
521 2679 572 2723 em
591 2676 705 2724 ‘creare
723 2679 787 2723 non
808 2656 978 2727 dubitetur.
1021 2661 1130 2747 Caput
1150 2668 1273 2726 tectum
1296 2670 1299 2703 ¹

146 2683 260 2818 liabet,
280 2754 317 2809 ut
338 2746 498 2829 tamquam
521 2765 619 2808 senex
640 2754 673 2808 et
694 2743 814 2830 frigens
833 2754 951 2811 contra
966 2745 1070 2832 frigus
1089 2767 1127 2810 se
1147 2744 1272 2811 munire

104 2843 180 2898 auct
201 2850 259 2892 uos
281 2825 389 2895 itidem
411 2825 583 2893 admouere
603 2837 740 2916 putetur.
783 2829 907 2896 Glauco
928 2828 1160 2911 amictuideo,
1183 2828 1270 2919 quud

145 2935 286 3002 aquosae
308 2913 356 2978 vel
375 2911 513 2999 frigidae
535 2924 584 2981 est
601 2924 734 2980 naturae
752 2914 841 2982 stella
862 2916 939 3005 ejus.

230 3002 261 3065 5.
304 2999 349 3065 Ut
369 3008 475 3064 autern
495 2997 541 3063 ad
563 3000 695 3065 aliorum
717 3009 915 3077 transeamus
937 2996 1181 3078 enodationem,
1214 2997 1283 3063 Sa·-

144 3100 273 3152 turnum
299 3085 395 3152 etiam
415 3083 592 3172 philosophi
618 3085 651 3149 in
672 3085 779 3171 figura
805 3086 956 3174 temporis
978 3085 1161 3172 accipiuntr·
1188 3081 1274 3148 unde

145 3185 178 3237 et
200 3173 327 3237 Graece
350 3192 422 3235 eum
444 3164 597 3254 Κρόνον,
625 3169 658 3235 id
680 3181 728 3236 eat
749 3181 900 3257 tempus,
928 3169 1093 3262 appellant.
1136 3168 1227 3235 Hinc
1241 3176 1273 3234 et

104 3255 283 3323 aanonnutti
306 3267 405 3343 caput
434 3254 502 3342 ejus
525 3256 568 3320 ob
589 3258 653 3324 hoo
678 3267 798 3322 tectum
819 3271 983 3337 asserunt,
1016 3252 1102 3344 quod
1126 3255 1274 3341 ignotum

143 3344 185 3410 sit
204 3342 356 3429 temporis
376 3339 574 3428 principium.
613 3339 736 3407 Ideoa
765 3340 829 3406 filio
851 3342 976 3429 pulsum
1003 3363 1091 3420 ease,
1126 3338 1273 3441 quisse·

143 3451 244 3516 quens
260 3439 403 3516 tempus,
437 3425 524 3513 quod
545 3424 779 3514 quodammodo
802 3448 842 3492 ex
873 3426 1088 3516 praecedente
1115 3423 1272 3511 grgnirur,

143 3513 354 3580 succedendo
369 3511 574 3600 praeteritum
597 3511 698 3600 pellat.
741 3510 810 3578 Sed
838 3522 871 3578 et
899 3513 970 3578 Tea
994 3536 1014 3579 a
1036 3510 1173 3577 Graecis
1194 3507 1274 3585 diet

146 3612 215 3678 tur,
248 3601 322 3686 quia
343 3597 429 3686 apud
449 3619 505 3663 eos
525 3591 559 3666 ‘r'x
576 3608 737 3678 trecenta,
758 3599 775 3666 ε’
795 3597 944 3699 quiaque,
956 3595 988 3677 '5'
1009 3596 1072 3663 LX
1093 3594 1273 3682 significan

103 3697 180 3763 suet
199 3685 271 3765 hic,
301 3695 338 3751 ut
357 3683 495 3770 probant
514 3684 743 3771 computistae,
780 3682 903 3750 dierum
925 3684 1021 3752 totius
1043 3681 1115 3747 anni
1142 3691 1195 3748 eat
1215 3700 1273 3745 nu·

145 3792 261 3836 merus.
302 3769 376 3835 'fex
398 3769 494 3835 etiam
513 3768 689 3837 comedens
716 3768 781 3836 sive
807 3783 1014 3833 consumens·
1030 3767 1274 3855 interpretatur;

145 3854 286 3921 undeet
314 3853 394 3919 filios
422 3876 498 3920 suos
531 3852 647 3919 dicitur
671 3850 850 3921 devorasse.
905 3851 1001 3927 Quod
1029 3850 1103 3918 ideo
1129 3851 1274 3937 fingitur,

146 3942 220 4027 quia
240 3952 382 4028 tempus,
410 3960 631 4029 quaecumque
652 3938 774 4025 gignit,
805 3937 914 4025 genita
936 3937 1100 4006 consumit
1153 3934 1274 4003 Omnia

143 4050 218 4111 ¹narn
241 4048 283 4091 ue
305 4036 377 4091 orta
398 4022 568 4104 occidunt,
596 4035 628 4090 ct
648 4036 743 4091 aucta
761 4036 939 4092 senescunt.

100 4131 140 4180 ss
180 4136 183 4141 ·
253 4160 260 4177 .
303 4109 433 4176 Falcem
457 4109 535 4187 fert,
572 4110 637 4177 sive
659 4108 746 4196 quod
767 4109 908 4189 fructus,
946 4130 1025 4212 quos
1047 4121 1175 4199 tempus
1199 4128 1273 4196 pro-

146 4189 264 4277 ducit,
280 4196 363 4263 falce
382 4206 558 4276 metuntur,
585 4197 651 4262 sive
671 4192 775 4285 quod,
804 4206 840 4265 ut
859 4216 957 4283 supra
976 4195 1129 4276 drximus,
1152 4195 1274 4285 primus
