2632 4658
355 112 535 269 uyuagt.
564 166 616 239 n.
672 164 929 275 rao-asa.
1138 162 1214 241 rra
1240 282 1273 295 Ι,

430 349 525 427 150.
578 325 857 429 Perdicca.
967 378 973 389 ¹

151 465 322 534 Perdicca
343 478 473 535 venator
495 468 569 558 luit,
594 467 786 559 Polycastae
804 470 903 551 filius,
918 467 973 559 qui
993 466 1100 536 matris
1117 465 1213 536 desim

75 575 189 620 amore
217 565 400 641 correptus,
437 552 513 655 dyrm
541 565 574 622 et
602 555 790 625 immodesta
817 554 948 647 libidine
979 552 1137 634 ferveret,
1180 562 1214 623 'ct

74 637 272 706 verecundia
299 640 369 705 novi
399 638 547 705 lacunaris
566 641 768 725 tabesceret,
800 640 842 707 ad
872 649 1046 714 extremam
1076 639 1211 707 maciem

77 723 239 790 deductus
271 747 343 791 esse
373 723 497 792 dicitur.
548 725 611 797 Qui
639 726 756 811 primus
780 725 880 793 etiam
911 736 1038 793 serram'
1056 723 1236 803 invenisses

77 808 209 875 dicitur.
252 809 320 876 Scd
346 821 382 875 ut
404 808 584 876 Fenestella
604 810 762 877 Martialis
774 810 901 885 scribit,
929 809 983 875 hic
1001 807 1137 897 primurn
1157 832 1211 875 re·

78 906 175 960 nator
202 894 271 962 suit.
315 895 378 961 Cui
407 918 503 983 quum
526 895 646 960 ferinae
667 896 774 961 caedis
796 905 929 963 cruenta
949 894 1083 961 vastatio
1104 906 1138 961 et
1158 916 1214 965 raa

78 977 234 1066 gabunda
264 979 393 1045 errandi
421 979 574 1047 cursilitas
606 980 801 1069 displiceret,
834 994 867 1048 et
895 978 1104 1046 contiroletaa'
1125 1001 1214 1060 suos,

76 1065 112 1130 id
139 1075 190 1132 est
219 1068 428 1146 Actaeonem,
464 1064 624 1148 Adonem,
660 1066 867 1156 Hippolytum
901 1062 1100 1132 miserandae
1125 1064 1213 1131 necis
1271 1132 1276 1141 ,

80 1150 210 1217 functos
237 1151 363 1218 interitu
393 1150 603 1239 perspiceret,
638 1154 789 1238 pristin'ae
822 1149 880 1219 arti
913 1149 1102 1237 repudians,
1141 1149 1267 1237 ag'riro·

79 1234 237 1301 culturam
266 1247 396 1303 secutus
423 1249 481 1302 est.
531 1238 584 1301 Ob
611 1258 705 1322 quam
734 1260 802 1302 rem
825 1246 958 1305 matrem
980 1233 1092 1325 deum,
1122 1234 1214 1321 quasi

77 1333 209 1400 terram,
230 1324 367 1387 omnium
389 1321 595 1407 genetricem,
617 1344 741 1388 amasse
760 1322 884 1390 dicitur.
916 1319 991 1392 Quo
1006 1319 1116 1385 labore
1137 1340 1214 1385 con-

78 1419 203 1472 sumtus
223 1408 317 1472 etiam
337 1406 379 1473 ad
402 1409 534 1473 maciem
556 1408 736 1496 pervenisse
756 1407 881 1476 dicitur.
924 1404 969 1471 Et
994 1405 1068 1492 qnia
1091 1404 1214 1473 cuneda

80 1492 283 1559 venatoribus
314 1490 357 1557 de
378 1494 528 1591 pristinae
549 1493 623 1559 artis
646 1494 819 1581 opprobrio
842 1489 1050 1571 detrahebat,
1080 1511 1214 1575 sarram,

77 1575 113 1640 id
141 1588 193 1657 est
211 1576 453 1663 naaliloqmom
475 1577 591 1645 dicitur
615 1577 804 1666 repperisse.
847 1579 985 1644 Matrem
1007 1584 1114 1641 autem
1137 1578 1256 1643 Iro-ra

77 1655 250 1748 tontum
268 1661 395 1741 habuit,
421 1664 511 1749 qnasi
534 1658 782 1757 Holvaclprrpo,
809 1662 898 1756 quod
917 1682 977 1728 noa
996 1658 1114 1730 Latine
1135 1657 1214 1728 (licl-

77 1767 151 1816 urus
170 1742 453 1832 multrjructum,
475 1748 510 1814 id
531 1754 579 1814 est
600 1755 729 1817 terram.

388 1865 478 1962 151.
532 1862 902 1968 Bellerophon.
993 1924 999 1935 .

165 1982 408 2073 Bellerophon,
431 1985 545 2052 Glauci
574 1984 671 2067 filius,
699 2007 796 2073 quum
826 1985 957 2073 ignarus
984 1985 1027 2057 ad
1047 1985 1214 2068 Proetum,

77 2068 211 2136 Abantis
238 2069 352 2149 filium,
386 2091 498 2171 regem
526 2073 679 2150 venisset,
711 2082 745 2137 et
770 2092 852 2136 uxor
878 2071 991 2140 Proeti
1018 2072 1259 2152 sanabantur

76 2154 144 2219 sive
164 2154 265 2236 Antia,
287 2177 395 2223 amore
416 2179 483 2245 eyus
504 2156 643 2238 incensa,
664 2165 699 2223 ut
720 2177 830 2223 secum
850 2159 1089 2239 concumberet,
1111 2158 1152 2225 ab
1175 2178 1215 2222 eo
1283 2178 1286 2187 ¹

77 2237 167 2333 pullo
194 2240 290 2305 modo
319 2240 488 2329 impetrare
519 2242 691 2329 potuisset,
721 2241 807 2329 apud
837 2264 930 2311 suurn
961 2241 1217 2325 rirummeutita

66 2334 149 2403 est,
177 2325 219 2388 ab
240 2348 279 2391 eo
301 2348 337 2391 se
359 2348 416 2413 pro
440 2326 774 2415 coituinta1·pellatam
800 2326 906 2395 fuisse.
950 2326 1089 2395 Proetus
1110 2324 1217 2403 Belle·

76 2409 267 2497 rophontem
289 2409 329 2477 ad
350 2413 515 2490 Abantem,
538 2434 686 2481 socerum
707 2435 809 2491 suurn,
836 2414 934 2492 misit,
963 2414 1016 2499 qui
1038 2425 1071 2479 et
1087 2412 1215 2478 Iobates

77 2494 212 2571 dicitur,
240 2507 273 2562 et
295 2496 336 2561 de
358 2496 470 2562 eadem
491 2521 527 2563 re
549 2499 578 2565 ei
600 2496 724 2564 tabulas
747 2518 860 2563 socero
882 2495 1091 2585 perferendas
1113 2494 1257 2580 tradi-2⁶

78 2579 136 2645 dit.
180 2580 304 2654 Quibus
326 2580 425 2659 lectis,
448 2584 532 2649 Abas
554 2584 734 2649 interficere
758 2581 853 2648 voluit
874 2582 968 2649 talam
991 2583 1100 2649 virum.
1143 2576 1215 2653 sed

77 2686 177 2753 quum
205 2664 257 2730 ille
283 2665 450 2752 prudentia
473 2692 532 2734 sua
562 2683 595 2736 et
630 2667 781 2735 castitatis
811 2668 923 2734 auxilio
942 2691 988 2739 ‚se
1016 2669 1058 2734 ab
1085 2666 1215 2735 instanti

74 2747 220 2852 periculo
248 2752 428 2831 liberasset,
464 2765 590 2833 tamen,
623 2766 660 2820 ut
691 2752 873 2842 pudicitiam
903 2755 1054 2842 probaret
1082 2751 1216 2842 periculi

75 2835 273 2915 immanitas,
294 2834 336 2901 ad
356 2837 604 2904 interficiendam
621 2838 840 2918 Chimaeram,
864 2861 903 2902 eo
926 2850 1071 2927 tempore
1091 2836 1215 2926 Lyciae

75 2941 177 3009 agros
192 2931 374 3002 vastantem,
396 2922 507 2989 missus
526 2936 583 2990 ast.
610 2924 715 2996 Quam
736 2922 796 3002 ille,
813 2946 901 3010 equo
923 2923 1056 3010 Pegaso
1078 2935 1257 3010 acceptoao

75 3005 298 3092 (miseratione
315 3007 451 3084 vdeorum
473 3007 514 3074 de
537 3009 694 3095 sanguine
715 3010 892 3094 Gorgonae
913 3008 1007 3094 nato)
1036 3007 1213 3095 impositus,

76 3093 257 3179 prostravit.
301 3093 472 3158 Chimaera
489 3105 594 3160 autem
617 3092 701 3159 diota
723 3105 772 3159 eat
794 3092 894 3159 bestia
918 3114 975 3158 ore
995 3092 1062 3173 leo,
1089 3104 1214 3179 postre-

73 3176 135 3242 mis
179 3178 297 3244 artibus
320 3176 436 3260 draco,
458 3178 565 3245 media
585 3190 677 3267 parte
696 3200 802 3266 capra
845 3179 974 3246 Revera
994 3190 1100 3245 autem
1122 3199 1213 3247 mona

75 3266 127 3328 est
148 3200 298 3341 giliciae,
324 3264 413 3352 cujus
439 3259 597 3351 hodieque
618 3262 710 3330 ardet
729 3264 900 3343 cacumen,
923 3263 976 3351 qui
995 3277 1068 3330 sunt
1086 3263 1212 3342 leones;

72 3344 182 3413 media
202 3360 308 3413 autem
329 3372 448 3436 pascua
468 3361 557 3429 sunt;
577 3350 733 3415 imovero
755 3350 869 3414 montis
889 3351 1089 3435 serpentibus
1131 3348 1252 3417 lenaao

73 3432 177 3499 Hunc
198 3433 409 3520 Bellerophon
434 3434 634 3501 habitabilem
657 3435 751 3512 fecit;
773 3432 859 3497 unde
874 3434 1077 3499 Chimaeram
1119 3433 1211 3497 icitur

72 3515 242 3583 occidisse.
283 3517 456 3585 Interfecto
476 3532 581 3587 autern
602 3518 881 3606 aBallaropbonte¹
892 3518 1073 3595 Chimaera,
1096 3519 1214 3584 iterum

74 3601 119 3669 ad
140 3599 312 3669 vincendos
334 3603 515 3692 Calydonos
535 3605 649 3669 missus
672 3614 728 3668 est.
771 3602 895 3676 Quibus
917 3603 1021 3680 victis,
1047 3605 1132 3669 Abas
1152 3601 1212 3668 ἰωὰ

71 3698 171 3775 pacta
188 3687 428 3774 Bellerophonti
448 3690 578 3754 crimina
594 3686 739 3768 abolevit,
760 3688 970 3772 virtutemque
985 3689 1052 3778 ejus
1066 3684 1210 3768 laudans,
1243 3760 1249 3780 ,

71 3771 207 3839 alteram
221 3772 328 3839 liliam
359 3797 449 3839 suam
477 3775 656 3839 Alcimenan
685 3773 715 3836 ei
737 3794 869 3851 uxorem
889 3770 987 3840 dedit.
1029 3775 1071 3844 At
1092 3773 1250 3857 sono-‚ro

71 3858 177 3941 hoen,
206 3878 243 3924 ra
266 3858 413 3947 cognita,
440 3859 596 3947 seipsam
618 3857 788 3925 interfecit.

197 4046 206 4065 .
327 3984 421 4062 152.
464 3970 695 4087 ‚Juppiter
736 4001 779 4063 ot
811 3984 947 4064 Leda.
1050 3978 1055 3991 .

156 4104 200 4172 Ju
224 4102 314 4192 piter,
333 4107 367 4172 in
387 4105 526 4193 speciem
548 4106 644 4194 cygni
663 4128 845 4184 conversus,
867 4128 939 4173 cum
960 4104 1065 4181 Leda,
1086 4104 1212 4173 'l'hestii

70 4188 155 4271 filia,
188 4127 333 4279 *lynaari
359 4213 476 4272 uxore,
500 4213 576 4256 rem
606 4192 725 4259 babuit.
767 4193 861 4266 Quae
884 4191 927 4258 da
945 4194 1027 4259 Jove
1048 4191 1212 4258 Pollucem
