2632 4658
278 118 608 295 *capungam
669 118 706 254 1ss
759 175 900 253 t-a.
991 144 1025 237 ἵ
1108 137 1246 255 ruz'

52 362 90 428 In
113 361 239 449 magnis
259 382 360 449 ergo,
385 374 419 429 ut
439 361 485 430 ait
505 362 689 450 Remigius,
718 350 973 451 dispositionibu
995 362 1084 450 quari
1103 384 1186 430 mae·

52 447 159 514 culino
181 448 313 514 effertur
333 470 473 535 genem
491 449 524 515 in
542 451 713 516 minoribus
735 470 810 515 rere
832 446 1016 513 serniuiuum
1031 446 1186 534 quodam·

52 533 152 617 modo
175 555 291 599 nemen
320 535 444 622 accipit.
488 535 563 601 Sive
586 537 626 601 eb
648 534 783 615 agendo
806 530 899 623 juxta
920 533 1082 611 Servium,
1109 534 1186 598 Sto-

51 619 176 685 icorum
197 618 318 704 dogma
337 619 532 699 tradentem,
565 642 634 687 mae
655 599 787 699 dicitur3
821 618 937 684 semina
964 620 1056 707 vero,
1087 622 1185 705 quur'n

51 704 215 791 patiendi
235 710 352 793 poetae
371 705 400 770 ei
422 704 500 772 dant
519 715 673 772 naturam.
723 702 820 771 Unde
847 715 921 771 ert:-
949 703 1115 792 Ceujugie
1142 705 1208 767 t'no

24 810 29 817 ·
49 788 228 874 gremium
249 789 364 853 laetae
383 789 574 859 deacendit.
621 792 670 857 nt
691 786 829 853 octiduo
857 799 965 857 autem
987 787 1080 876 juxta
1106 809 1185 854 euu-

53 873 128 939 dem
158 888 307 952 vocatur,
345 886 382 941 ut
400 875 547 977 Juppiter
569 876 705 964 juvene
721 884 855 960 potem
885 874 1080 952 Mercurius,
1110 872 1185 975 quia

52 955 225 1022 mercibus
244 972 387 1047 praeeat3
416 960 516 1025 inber
537 981 557 1026 e
582 957 747 1025 libertate
775 956 860 1025 data.
902 959 947 1026 Et
966 959 1069 1025 Varro
1098 957 1185 1037 dicit,

53 1042 127 1130 quia
147 1065 245 1129 quum
266 1066 350 1111 unue
367 1043 516 1134 idemque
535 1044 577 1114 ait
598 1045 709 1123 homo,
742 1065 763 1108 e
788 1064 926 1131 corpore
951 1054 1056 1110 tamen
1077 1043 1184 1123 homo,

54 1129 96 1192 ab
126 1129 229 1194 anima
260 1131 385 1218 sapiens
425 1129 559 1211 dicitur;
600 1130 644 1197 ita
672 1149 753 1215 ergo
782 1139 816 1197 et
844 1128 942 1207 deut,
977 1152 1074 1217 quum
1102 1142 1226 1215 uouere

54 1212 206 1301 idemque
224 1213 282 1290 sit,
313 1216 418 1289 multia
436 1228 540 1285 tamen
562 1238 621 1306 pre
644 1214 886 1305 dispensationis
905 1237 984 1281 auae
1005 1214 1185 1281 direrdtate

54 1309 205 1366 censetur
227 1300 395 1366 vocabulis.

138 1409 236 1478 Nunc
261 1424 368 1480 autem
389 1411 537 1503 deinceps
565 1410 761 1504 iucipiicitoa
783 1411 901 1499 aliquot
920 1410 1113 1498 antiquitatis
1132 1433 1185 1477 re-

54 1494 214 1563 volvamus
236 1520 377 1576 errores,
413 1498 515 1589 iisque
541 1497 569 1565 ai
597 1521 660 1564 nou
681 1498 784 1564 iucem
812 1496 980 1562 infundere
1007 1519 1184 1587 postumus,

54 1581 174 1669 aliquas
203 1593 310 1649 tamen
338 1584 538 1671 ignorantiae
565 1584 695 1652 nebulae
720 1583 875 1675 majorum
894 1581 1025 1673 flagelio
1045 1583 1225 1653 auctori-tt
1269 1608 1281 1629 r

54 1677 155 1736 tetum
176 1667 370 1758 abquatcnue
392 1670 614 1740 dimoveamus.
1090 1686 1094 1693 “

441 1842 487 1960 Ι1.
542 1886 788 1981 Saturnus.

143 2014 172 2078 l.
213 2014 356 2080 Primum
378 2013 512 2081 deorum
534 2016 707 2081 Saturnum
728 2021 858 2102 ponunt
902 2010 1000 2077 Hunc
1019 2020 1184 2088 maestum,

57 2120 183 2177 senem,
216 2122 347 2180 canum,
383 2112 479 2188 caput
506 2101 623 2188 glauco
653 2099 770 2166 amictu
798 2107 986 2185 coopertum
1006 2096 1185 2173 habentem,
1250 2124 1257 2141 r

56 2183 192 2249 tiliorum
222 2208 350 2251 suorum
377 2199 572 2267 voratorem,
610 2184 787 2272 falcemque
810 2182 979 2261 serentem,
1013 2181 1229 2249 draconemao

56 2270 152 2335 etiarn
181 2269 443 2349 flammivomum,
477 2273 531 2361 qui
560 2270 683 2338 caudae
717 2292 800 2337 suae
826 2267 934 2335 ultima
963 2267 1114 2347 devorat,
1153 2268 1186 2334 in

55 2352 170 2421 dextra
190 2366 366 2437 tenentem,
393 2355 556 2425 inducunt
597 2358 651 2424 De
677 2356 725 2423 his
753 2352 868 2422 diversi
890 2353 1036 2421 nonnulla
1063 2352 1186 2435 eadent,
1240 2376 1244 2385 ·

56 2439 162 2529 aliqua
185 2452 290 2508 tamen
313 2442 436 2510 diversa
457 2443 604 2510 sentiunt
630 2458 633 2465 '
1302 2442 1307 2461 ’

140 2554 172 2617 2
217 2554 361 2622 Historia·
380 2555 507 2645 quidem
527 2555 640 2634 hebet,
674 2553 846 2619 Saturnum
876 2560 998 2638 patrem
1019 2557 1053 2613 et
1072 2546 1185 2619 Jovem

56 2635 280 2725 fiiiuuiregna
299 2641 330 2706 in
347 2642 444 2714 Creta
465 2642 646 2715 obtinuisse.
685 2640 772 2707 Inter
793 2659 873 2726 quos
890 2634 969 2701 bello
985 2645 1067 2714 orto,
1088 2656 1229 2720 quumw
1300 2694 1304 2701 ,

21 2730 25 2741 ’
55 2722 283 2810 praevaluisset
300 2728 464 2816 Juppitcr,
492 2726 622 2815 fugatus
639 2726 794 2811 Saturnus
812 2721 933 2790 ltaliam
953 2718 1058 2806 petiit,
1073 2720 1187 2805 ibique
1264 2749 1275 2795 p

56 2809 197 2890 adano,
227 2812 280 2899 qui
308 2823 385 2878 tunc
408 2816 580 2900 regnabat,
595 2813 774 2897 receptus,
811 2830 909 2896 quum
935 2826 1122 2885 cumaeum
1142 2807 1187 2869 vi-

55 2915 189 2960 nearum
210 2907 243 2963 et
265 2896 352 2964 iaicis
374 2896 553 2977 docuisset,
584 2899 614 2963 in
647 2910 768 2984 partem
795 2908 844 2960 est
866 2890 1025 2957 'admissus
1053 2891 1186 2977 imperii,

55 2979 180 3068 cibique
201 2980 353 3070 oppidum
375 2983 461 3052 fecit.
502 2985 568 3051 Hic
594 2986 702 3068 itaque
746 2981 778 3045 iu
805 2975 1000 3063 agricultura
1034 2997 1186 3063 maguum

55 3064 245 3152 impendens
266 3068 469 3150 exercitium,
491 3081 523 3137 et
542 3092 600 3156 per
621 3089 766 3137 annonae
787 3061 1065 3150 praerogationem
1085 3059 1128 3126 ad
1150 3083 1228 3135 scau

55 3150 191 3241 populos
208 3153 393 3253 attrahens,
422 3177 442 3255 a
463 3153 656 3234 saturando
680 3152 837 3221 Saturnus
857 3147 972 3215 meruit
993 3144 1153 3236 appellari.

140 3264 172 3330 3.
195 3266 313 3332 'Hunc
335 3289 416 3354 ergo
436 3276 606 3331 moestum
629 3266 746 3352 ubique
770 3260 954 3330 describunt
973 3263 1107 3348 potitae,
1138 3267 1188 3324 ut-

56 3359 134 3437 pote
158 3349 240 3416 beiio
262 3353 394 3434 rictum,
427 3361 459 3418 et
483 3374 502 3416 a
531 3373 635 3438 reguo
660 3350 812 3417 violenter
841 3358 1013 3413 extrusum.
1061 3343 1188 3409 Mathe-

55 3434 165 3502 matici
184 3445 291 3503 nmen
312 3459 380 3504 rem
400 3437 542 3504 aubtiiiua
566 3437 821 3524 contemplantes,
843 3431 917 3497 ideo
939 3440 1187 3528 eum-maestum

57 3519 285 3608 dicunt‚‘'quia
305 3522 395 3591 ateiia
416 3524 556 3590 Saturno
580 3522 732 3610 deputata
753 3533 825 3585 ortu
846 3537 905 3583 auo
926 3515 1082 3580 tristitiam
1101 3530 1229 3583 sem-³⁶

57 3625 118 3694 per
137 3604 311 3676 denuntiat.
360 3607 416 3674 Ilia
441 3607 524 3674 enim
545 3609 576 3673 in
597 3607 786 3694 capricorno
809 3603 930 3692 potito,
970 3598 1089 3686 pluvias
1106 3619 1188 3684 gra-

51 3690 219 3772 uissimas,
253 3692 312 3759 sod
341 3693 514 3782 praecipue
546 3695 578 3758 iu
609 3692 718 3771 Itaiia,
749 3698 935 3757 commoret.
995 3681 1088 3750 Unde
1120 3694 1187 3749 cat:

15 3784 18 3793 '
60 3777 129 3841 Seu
151 3777 326 3864 tyrannus
350 3778 544 3864 Hesperiae
574 3772 953 3864 capricornurundce.
994 3769 1034 3835 In
1062 3769 1187 3856 scorpio

58 3882 135 3927 rero
159 3861 349 3947 grandinea,
384 3863 460 3930 item
480 3862 512 3927 in
535 3860 595 3930 alio
622 3862 715 3948 signo
737 3860 882 3936 fulmina,
915 3857 947 3921 in
976 3853 1035 3919 aiio
1066 3866 1187 3933 ventos,

12 3996 16 4005 .
58 3946 91 4011 in
113 3946 181 4013 aliia
210 3948 271 4014 aiia
299 3970 403 4014 nocua
431 3958 589 4037 apportat.
644 3947 774 4015 Addunt
793 3946 906 4022 etiam,
936 3937 1010 4006 ideo
1032 3952 1230 4017 maestum40

58 4053 147 4114 esee,
177 4033 251 4120 quia
278 4033 364 4099 sidua
388 4032 456 4120 ejus
477 4032 764 4101 tardissimum'rit
816 4029 923 4104 Quum
952 4027 1033 4091 enim
1062 4039 1187 4091 cetero-

57 4138 128 4184 rum
151 4117 349 4204 pionetarum
370 4118 448 4185 aiiue
470 4141 527 4207 per
548 4142 704 4200 mensem,
732 4131 769 4187 ut
791 4115 882 4191 iuna,
911 4109 961 4178 aiii
982 4132 1187 4198 perannum,

57 4215 93 4270 ut
114 4203 328 4293 Mercurius,
345 4205 470 4288 Venor,
499 4204 571 4286 80¹3
610 4207 688 4273 aliua
717 4227 775 4295 per
811 4200 1001 4273 hieracium..
1025 4205 1060 4262 ut
1082 4197 1187 4274 Maru
