2632 4658
301 154 304 161 ’
373 176 556 287 Μμιοθτ.
583 183 658 260 rn.
712 181 752 259 a.
807 180 895 290 ro«¹
1117 182 1197 261 rra

58 368 128 457 ejus
160 367 287 438 claritas
309 375 432 439 tantum
453 369 656 452 obfuscetur,
688 364 771 438 siout
790 368 963 458 imogo‘de
992 370 1089 438 fumo.
1131 372 1194 447 Qui

59 477 135 521 vero
165 466 327 537 asserunt,
362 455 419 523 iilis
447 457 583 524 animam
610 451 710 537 uniri,
752 466 784 522 et
808 457 877 547 jam
904 456 1119 545 incorporari,
1152 478 1192 525 or

59 564 98 613 so
121 554 347 627 argumentum
368 541 516 622 trabunt,
545 542 634 631 qnod
653 552 736 609 toste
749 542 915 609 Maurobio
937 542 1059 609 animae
1079 565 1100 608 a
1120 560 1191 609 uor-

58 648 146 715 pors·
163 626 293 693 tandom
314 626 504 705 redeuntes,
535 627 666 695 easdem
688 626 906 695 obvolutiones
928 628 1002 694 iiiuc
1023 626 1191 709 reducunt,

57 711 146 778 unde
168 734 223 778 eas
244 723 438 795 sumserunt3
473 711 595 801 illisque
623 711 741 779 ibidem
761 712 896 795 relictis,
933 715 1081 801 pristinos
1101 714 1214 801 vigo-0

57 819 127 877 uss,
161 819 243 885 quos
273 798 318 864 ibi
350 800 537 877 amiserant,
573 796 615 865 od
644 799 805 884 integrum
838 809 1010 865 resumunt.
1065 799 1191 887 Quodsi

57 882 132 961 iliis,
161 882 322 969 inquiunt,
349 883 574 972 incorporatae
596 904 659 951 non
681 895 802 964 essent,
830 902 892 949 neo
912 883 954 949 ad
977 900 1112 972 norpora
1134 904 1189 952 sas

58 967 240 1048 deferrent,
259 989 333 1041 ,neo
353 968 384 1033 in
409 967 514 1036 reditu
535 969 608 1037 iiius
632 980 840 1057 reporturonb
884 969 1006 1043 Quibus
1027 971 1060 1037 si
1075 992 1190 1037 occur·
1228 1016 1235 1027 ,

56 1053 151 1131 rorit,
190 1052 278 1140 qnod
309 1050 414 1120 animo
441 1055 489 1121 sio
507 1053 711 1158 incorporata
733 1055 865 1135 animai,
892 1056 988 1121 etiam
1002 1056 1190 1145 ¹priusquam

56 1142 168 1204 reruni
189 1141 305 1227 uorpns
323 1136 490 1228 suscipiat,
524 1140 680 1220 osbertum
718 1138 781 1205 boo
809 1139 1002 1227 respondent
1030 1159 1095 1206 non
1118 1161 1231 1212 essero

56 1221 289 1305 necessarium,
325 1242 427 1313 quum
452 1224 555 1293 anima
586 1224 688 1313 digito
719 1224 890 1312 nonjunutu
913 1246 976 1293 non
997 1226 1101 1294 statim
1122 1227 1189 1292 uni-

56 1309 277 1388 malefaciat,
315 1332 415 1397 quum
442 1311 537 1377 etism
557 1310 599 1376 ud
624 1309 764 1377 animalis
786 1311 1040 1378 constitutionem
1063 1322 1190 1401 praeter

58 1416 177 1481 corpus
199 1406 232 1462 et
257 1395 394 1460 animam
426 1396 525 1463 multu
553 1397 750 1483 pertineant,
782 1408 820 1465 ut
846 1397 1034 1464 sensualitas
1061 1409 1093 1465 ot
1117 1394 1188 1479 aliu,
1229 1402 1232 1412 '

55 1502 140 1566 quae
161 1478 282 1568 physici
304 1480 443 1552 tradunt
486 1481 633 1549 ln'uiusae
661 1482 892 1569 vero-ourpori
925 1483 1004 1564 triu,
1034 1477 1189 1575 inquiuirt,
1235 1555 1238 1559 ,

56 1565 173 1652 quibus
200 1567 231 1631 in
268 1565 406 1652 gradum
438 1566 602 1654 pristinum
640 1559 766 1635 restitui
801 1579 980 1645 merentur,
1023 1591 1042 1634 a
1074 1579 1230 1643 naturam

56 1648 356 1734 aooomruodantnr3
383 1652 431 1717 ira
453 1650 612 1732 videlicut,
640 1672 725 1740 quae
747 1652 865 1719 maium
886 1652 1035 1738 repellam
1068 1661 1189 1721 nuncu·
1267 1718 1270 1729 ,

56 1736 228 1825 obeuntia,
247 1782 249 1787 «
279 1759 340 1803 uae
362 1738 479 1803 bonum
500 1744 647 1826 appetem
676 1736 774 1815 ratio,
810 1760 895 1825 quae
915 1739 998 1805 inter
1018 1749 1190 1829 utrnrnqns

58 1821 227 1888 discernat.
252 1888 255 1893 ,
303 1844 409 1910 unque
429 1836 598 1910 praeterea
625 1844 666 1887 ex
689 1819 844 1890 industris
864 1821 1054 1906 adhibenda
1077 1824 1189 1890 dooer-
1294 1854 1300 1863 =

56 1916 191 1975 nuntur:
220 1904 365 1975 doctrino
386 1907 490 1995 prior,
527 1930 591 1994 quo
619 1925 704 1994 quae
724 1904 869 1973 oblivioni
888 1906 1033 1987 tradidit,
1068 1909 1100 1974 in
1122 1931 1190 1975 me-

56 1992 201 2063 moriam,
213 1991 348 2060 redonat
371 1991 471 2079 (indo
491 1991 578 2080 qnod
599 1990 685 2079 apud
705 2009 767 2057 nos
787 1992 906 2067 lectio,
936 1991 1022 2081 apud
1043 1996 1233 2069 Graecosun

56 2078 191 2165 repetitu
221 2079 365 2166 oognitio
399 2077 574 2165 uocatrrr);
590 2079 769 2164 ‘virtusque
801 2078 976 2165 posterior,
1008 2095 1072 2166 qua
1102 2078 1190 2168 quod
1276 2082 1278 2091 ’

56 2175 147 2230 ruore
170 2161 320 2242 voluerit,
351 2161 393 2229 ad
414 2165 567 2231 effectum
586 2161 752 2250 perducat,
806 2193 809 2199 ¹
862 2216 865 2221 .
923 2196 927 2204 ·
1072 2195 1074 2199 ·
1184 2216 1186 2225 .

144 2249 196 2315 10.
239 2249 324 2324 Quia
346 2259 453 2315 autum
475 2248 516 2314 de
533 2249 641 2331 aninru
660 2247 842 2350 coepimus,
881 2244 924 2313 de
945 2270 984 2314 aa
1014 2238 1191 2336 aliquantu·

57 2327 122 2399 ium
142 2331 340 2421 producator
361 2335 471 2402 oratio.
515 2333 665 2403 Tradunt
682 2352 819 2399 animum
837 2333 975 2399 nonnulii
996 2357 1070 2400 esse
1090 2357 1192 2422 quan-

57 2416 133 2483 dam
154 2412 277 2485 diuinas
295 2420 452 2487 essentiae
473 2419 641 2507 paritatem
661 2417 708 2483 vei
735 2417 921 2505 portionum.
977 2418 1029 2484 De
1056 2428 1234 2507 quatuoru's

58 2500 154 2569 onim'
169 2503 347 2583 dumentis,
379 2518 415 2572 ut
435 2504 539 2592 ajunt,
570 2516 603 2572 et
623 2502 727 2569 divino
750 2502 864 2590 spiritu
892 2503 996 2569 omnia
1019 2525 1192 2592 procrean·
1304 2528 1307 2535 ·

57 2599 127 2662 tur,
149 2590 203 2677 qui
221 2612 279 2679 per
292 2603 436 2678 quatuor
454 2591 576 2657 infusus
598 2589 770 2664 elementa,
791 2587 898 2689 gignit
914 2590 1067 2656 uniuersa.
1098 2591 1205 2680 Ergo·

56 2675 85 2741 si
105 2673 162 2739 do
192 2674 353 2745 elementis
384 2688 418 2745 et
449 2675 512 2742 deo
543 2686 717 2741 nascuntur
751 2692 888 2754 omnia„
911 2688 1007 2740 unam
1036 2676 1193 2764 originem

58 2759 196 2840 babent,
232 2773 265 2827 st
293 2783 352 2848 pur
378 2758 616 2850 quodammodo
639 2770 688 2827 est
711 2758 849 2846 omnium
871 2769 1019 2842 natura.¹
1050 2760 1117 2828 Sed
1148 2764 1192 2829 vi·

58 2842 216 2926 dumus,
234 2847 395 2934 inquiunt,
427 2846 503 2934 quid
531 2846 564 2911 in
586 2845 676 2911 nobis
697 2845 738 2912 ub
758 2841 930 2933 ipso'duo,
966 2844 1043 2931 quid
1065 2848 1105 2913 ab
1127 2846 1235 2921 siu-ao

58 2929 173 2997 aruntis
196 2952 268 2997 osse
289 2941 429 3020 putetur.
472 2932 637 3007 erautnnr
656 2929 758 3017 igitur
778 2928 873 2995 datur
897 2929 1044 3016 intelligi,
1065 2933 1107 3005 ab
1129 2932 1193 3005 eie-

57 3014 172 3083 mentis
195 3034 328 3107 uorpus,
356 3015 479 3098 adso,
506 3016 667 3105 inquiunt,
689 3014 824 3080 animam
845 3008 1053 3101 possidemus.-
1096 3018 1193 3090 Quod

58 3092 133 3166 bino
155 3105 381 3190 comprobant,
410 3099 502 3193 quod
518 3102 552 3167 in
570 3121 707 3188 ‚corpore
727 3109 833 3180 tenu,
862 3100 993 3179 humor,
1025 3096 1192 3183 anhelitus,
1247 3108 1250 3121 '

59 3185 164 3266 color:
200 3205 285 3274 qnae
316 3178 437 3268 omnib,
475 3186 560 3253 sicut
581 3195 615 3252 et
637 3184 821 3267 ¹olsnr'entu',
855 3186 1001 3255 semibus
1029 3189 1193 3274 corporeis

57 3272 293 3361 percipiuntun
332 3272 454 3341 animus
487 3289 582 3351 vero,
616 3270 698 3341 sicut
718 3281 759 3336 ⁴et
787 3267 885 3350 dous,
924 3268 1015 3338 nuliis
1031 3326 1035 3333 ,
1049 3274 1237 3359 subjunctus·

58 3357 215 3425 sensibus.
255 3359 431 3425 Praeterea
450 3348 518 3437 iliu,
550 3356 634 3426 siout
654 3369 687 3425 ot
710 3371 847 3443 oorpus,
885 3357 1016 3425 rationis
1049 3360 1194 3444 expertia

58 3453 151 3523 sunt3
172 3452 283 3511 contra
299 3444 442 3528 unimus,
462 3443 546 3515 siunt
559 3450 600 3509 (st
622 3440 720 3520 deus,
739 3440 905 3507 consilium·
926 3441 1031 3507 babet.
1067 3442 1197 3513 Deinde

58 3528 341 3681 elementatpuirs
359 3539 529 3617 putantur,
566 3527 655 3614 quod
675 3537 725 3610 est
745 3540 870 3610 eornmv
889 3520 1069 3613 proprium,
1110 3529 1196 3680 negt

10 3638 13 3642 ·
58 3622 92 3680 et
112 3631 230 3703 uorpog
263 3628 274 3696 3·
306 3623 417 3683 oontru
442 3614 544 3700 deum
562 3632 625 3679 non
653 3611 759 3697 perire
787 3609 988 3696 manifestum
1009 3621 1078 3694 est}
1108 3632 1195 3696 uns

59 3698 154 3765 otiam
178 3699 331 3782 infertur,
360 3698 446 3787 quod
476 3713 536 3764 nso
562 3694 687 3781 unimus
710 3694 808 3784 perit,
844 3697 900 3784 qni
928 3697 1004 3764 indo
1026 3698 1236 3786 ,originomuu
1281 3718 1283 3722 ·

58 3783 158 3851 ducit
198 3783 421 3857 Sedooourrit
440 3782 532 3851 iliud:
555 3778 596 3864 Si
612 3780 707 3848 animi
727 3779 920 3850 immortales
933 3791 1024 3863 sunt,
1047 3797 1079 3850 et
1097 3801 1195 3853 unuor

58 3862 178 3938 babent
230 3871 414 3960 rinuipiurn,
451 3890 515 3958 qua
536 3868 659 3933 ratione
680 3864 751 3954 pins·
772 3866 803 3931 in
831 3866 881 3934 bis¹
902 3884 998 3956 quam
1018 3870 1050 3935 in
1071 3869 1129 3939 iilis
1150 3869 1194 3938 vi-

57 3954 161 4040 genti
235 3958 324 4024 inunt
342 3957 475 4045 itaquo,
509 3954 594 4020 bano
615 3968 678 4018 non
698 3952 741 4018 ab
763 3946 890 4033 animis,
924 3955 1027 4021 sodo·
1050 3958 1193 4046 corpori-

58 4042 119 4107 bus
139 4040 417 4108 dissimilitudinum
438 4039 615 4128 provenire,
635 4056 721 4125 quau
740 4048 838 4124 prout
853 4039 989 4109 ¹suerunt
1003 4041 1122 4110 vivuoia
1143 4043 1193 4109 vel

56 4128 232 4213 torpentia,
270 4128 315 4196 ita·
341 4139 377 4196 ot
395 4126 527 4194 'animos
553 4120 693 4204 faciunt:
732 4121 821 4210 quod
849 4123 880 4191 in
915 4140 980 4193 nno
1013 4126 1234 4217 sudemquo‘un

56 4212 181 4291 animab
196 4222 338 4302 oorpore
358 4212 486 4303 probari
507 4220 623 4300 potest,
663 4207 702 4275 Io
724 4226 861 4297 corporo
888 4214 973 4280 enim
996 4230 1075 4281 sono*
1093 4230 1190 4299 uxos·
1280 4229 1284 4242 ’

784 4317 834 4394 ib
851 4325 867 4358 *
