2632 4658
232 280 238 289 „
312 186 513 307 ¹Mytbups.
542 184 594 259 Π.
649 184 790 262 195-
808 184 898 264 198.
1005 244 1007 251 1
1100 184 1183 264 ’159

317 398 321 411 ·
421 371 512 447 195.
574 334 814 450 Anchises.

142 503 292 573 Anchises
313 498 517 589 pastoriuit,
553 523 625 568 oum
670 526 712 569 uo
741 502 974 573 amatorileuus
1004 488 1184 588 ooncublrit,

59 599 93 657 et
114 611 154 656 ex
175 614 215 655 eo
236 610 344 654 amore
364 586 449 653 circa
469 587 608 668 Simoin,
641 527 769 654 lluvium
801 589 948 680 Trojae,
970 596 1109 658 Aeneam
1128 618 1185 682 pe·

57 676 150 764 perit.
191 674 282 740 Deae
314 673 397 739 enirn
427 671 475 739 rel
503 673 536 739 N
557 671 671 760 mpbae
700 676 859 740 enituntur
886 677 971 743 circa
1000 680 1110 745 fluvios
1137 679 1184 744 vel

58 781 198 831 nemora.
242 756 309 825 Sed
340 779 435 844 quum
462 697 613 824 nncdises
640 758 721 827 inter
742 759 889 846 aequales
917 761 1112 849 epularetur,
1141 764 1207 830 det

58 845 232 911 concubitu
252 845 383 910 Veneris
399 843 513 933 jactari
544 842 686 911 traditur.
736 844 831 918 Quod
853 866 949 993 quum
978 847 1050 912 Jori
1077 848 1186 921 Venus

58 943 180 1016 questa·
205 940 306 1008 esset,
340 929 490 1007 emeruit,
525 939 563 995 ut
582 928 613 993 in
635 927 800 994 Anchisem
829 930 954 996 sumina
980 934 1186 1000 mitterentur.

60 1015 131 1083 seo
152 1015 260 1080 Venus
282 1034 379 1100 quum
401 1013 545 1087 vidisset,
566 1035 638 1080 eum
657 1013 784 1079 fulmine
804 1037 899 1101 posse
918 1015 1068 1096 interimi,
1090 1020 1187 1085 mise-

57 1113 130 1167 rata
146 1149 150 1155 .
159 1099 327 1189 juvenem,
367 1099 399 1163 iu
427 1097 517 1164 aliam
547 1110 669 1189 partem
701 1099 816 1165 fulmen
845 1098 983 1169 detorsit.
1035 1105 1186 1171 Anchises

58 1197 184 1264 tamen,
206 1184 331 1253 afflatus
352 1183 430 1270 igne
451 1183 596 1263 caelesti,
618 1205 743 1274 semper
763 1183 872 1252 debilis
893 1185 960 1253 fuit.
1191 1203 1227 1253 10

399 1351 506 1428 496.
534 1326 536 1331 ¹
560 1354 828 1430 Cassandra.

146 1476 328 1565 Cassandra
362 1491 432 1548 erat
460 1479 601 1565 Priami,
643 1483 775 1572 Troiani
816 1480 919 1570 regis,
962 1480 1041 1561 filia,
1077 1504 1097 1550 a
1127 1505 1192 1571 qua,

58 1565 170 1653 Apollo
192 1589 250 1654 spe
269 1567 401 1645 amoris,
433 1587 585 1635 concessa
604 1565 645 1635 illi
666 1568 870 1649 divinatione,
905 1567 1089 1650 frustratus,
1116 1591 1191 1635 vera
1277 1645 1280 1652 Ι

59 1651 202 1736 quamvis
224 1649 340 1717 dicenti
359 1649 454 1718 fidem
477 1654 609 1720 sustulit
662 1653 757 1721 Unde
782 1653 877 1722 etiam
905 1651 1051 1733 Tro‘ani,
1093 1666 1191 1742 quum
1258 1669 1264 1681 “

53 1735 123 1824 jam
145 1735 281 1802 adventu
302 1733 445 1802 Helenae
465 1737 597 1826 'frojam
630 1735 854 1808 destruendam
882 1677 1098 1826 praediceret,
1132 1738 1232 1807 mi-15

61 1823 146 1901 nime
166 1823 196 1889 ei
215 1819 361 1909 Apollinis
377 1820 469 1910 jussu
486 1822 668 1890 credebant.

428 1973 543 2058 197„
584 1975 825 2052 Hecuba.
902 1981 904 1984 ’

147 2071 304 2184 Hecuba,
330 2102 433 2169 Cissei
461 2103 538 2184 tilia,
568 2104 687 2171 Priami
714 2103 800 2190 regis
817 2122 914 2182 uror,
943 2125 1040 2192 quum
1066 2076 1191 2172 Paridis

66 2187 201 2274 gravida
232 2199 332 2266 esset,
369 2187 489 2268 facem,
527 2209 591 2277 qua
626 2190 702 2255 urbs
725 2187 966 2269 incenderetur,
1002 2213 1039 2255 se
1076 2211 1192 2277 parere

65 2273 151 2338 vidit.
194 2272 290 2345 Quod
311 2294 406 2359 quum
429 2274 555 2338 Priamo
574 2280 743 2355 narraret,
757 2272 922 2353 intellexit,
951 2296 1102 2363 puerum,
1135 2275 1232 2363 quito

65 2370 268 2437 nasceretur,
291 2379 420 2423 causam
441 2359 580 2425 futurum
600 2357 819 2426 incendendae
840 2360 935 2424 urbis.
977 2360 1080 2433 Quem
1102 2361 1193 2446 geni-

67 2455 135 2510 tum
174 2454 266 2529 peter
301 2465 397 2529 quum
435 2444 563 2511 interire
596 2446 761 2535 jussisset,
798 2456 900 2509 mater
935 2447 1054 2529 pastori
1085 2444 1194 2510 furtim

66 2527 246 2594 transmisit·
258 2525 413 2594 alendum.
455 2532 481 2595 Δ
510 2552 574 2617 quo
605 2532 756 2609 nutritus,
789 2527 871 2594 adeo
895 2527 984 2594 fortis
1006 2542 1055 2596 est
1078 2531 1193 2610 lactus,

65 2626 103 2679 ut
123 2613 155 2677 in
173 2611 297 2700 ‘'l'rojae
325 2613 451 2697 agonali
481 2616 652 2681 certamine
678 2625 845 2704 superaret
873 2627 1063 2693 omnes,·et
1089 2616 1193 2702 ipsum

64 2699 251 2785 Hectorem.
302 2696 366 2771 Qui
386 2722 482 2785 quum
502 2700 599 2766 iratus
619 2703 651 2765 in
672 2698 822 2768 Paridem
849 2698 1021 2785 stringeret
1040 2699 1234 2786 gladium,25

66 2783 145 2849 dixit
164 2781 230 2859 ille,
257 2803 294 2848 se
315 2783 381 2871 ejus
403 2806 473 2850 esse
493 2807 688 2871 germanum.
739 2781 836 2859 Quod
857 2805 953 2870 quum
975 2786 1087 2851 mirum
1107 2784 1193 2852 ride-

65 2880 174 2946 retur,
196 2866 293 2934 allatis
319 2868 514 2970 crepundiis,
535 2870 602 2959 ejus
628 2871 726 2939 irater
746 2881 795 2936 est
813 2872 980 2958 probatus,
1010 2882 1043 2938 et
1063 2890 1083 2937 a
1102 2881 1194 2961 patre

65 2951 98 3019 in
120 2953 252 3021 fratrum
273 2966 430 3021 consortia
449 2969 607 3045 receptus.
883 3034 891 3085 ι

405 3121 497 3197 198.
558 3111 856 3224 Ganymedes.

152 3248 371 3342 Ganymedes,
415 3249 515 3317 Troili
548 3252 636 3319 reis
665 3251 878 3341 Trojanorum
922 3261 955 3319 et
973 3296 975 3301 ·
996 3248 1233 3318 Callirrhoaeao

68 3334 172 3417 filius,
205 3353 335 3425 propter
356 3338 498 3424 corporis
519 3273 800 3425 pulobritudinem,
835 3359 875 3402 ne
896 3337 1055 3404 infamiam
1078 3354 1197 3400 connu-
1251 3400 1254 3406 .

68 3421 114 3489 bii
133 3423 292 3488 masculini
314 3425 448 3503 subiret,
482 3421 558 3489 dum
577 3424 609 3488 in
630 3422 689 3489 Ida
710 3422 785 3490 silva
806 3434 988 3499 venaretur,
1021 3421 1061 3484 ab
1093 3416 1197 3506 aquila

68 3506 104 3573 in
124 3507 246 3577 caelum
269 3510 398 3610 raptus',
432 3521 480 3575 est
501 3509 687 3574 constitutus
710 3509 863 3609 pincerna
891 3505 1039 3583 deorum,
1074 3514 1197 3571 remota

68 3591 185 3672 Hebe,
205 3595 336 3659 Junonrs
358 3593 428 3658 filia.
470 3592 566 3658 Unde
587 3604 619 3659 et
640 3593 786 3680 'Propanis
807 3592 891 3656 Juno
910 3589 1063 3673 irascitur.
1111 3590 1197 3656 Poe-

70 3687 127 3743 tae
157 3690 263 3745 amant
291 3679 506 3765 garrulitatem
539 3700 627 3743 suam
657 3675 736 3742 salsa
766 3675 907 3742 illusione
936 3696 1059 3775 ornape.
1110 3673 1237 3742 Namare

70 3773 107 3827 ut
136 3764 317 3843 Anacreon,
351 3763 581 3851 antiquissimus
611 3774 738 3841 auctor,
780 3763 908 3837 scribit,
931 3761 1081 3848 'Jupprter
1117 3757 1193 3829 dum

72 3844 224 3912 adversus
258 3848 406 3927 Titanas,
443 3847 474 3911 id
507 3858 555 3912 est
588 3847 693 3914 Titani
726 3845 840 3925 filios,
864 3846 976 3911 bellurn
1013 3856 1198 3924 assumeret,

72 3944 107 3998 et
125 3932 313 3998 sacrificium
334 3934 433 3999 Caelo
455 3933 602 4012 iecisset,
629 3933 662 3997 in
691 3932 840 3998 victoriae
872 3930 1045 4019 auspicium
1074 3931 1199 4018 aquilae

72 4016 132 4083 sibi
163 4017 278 4083 adesse
309 4039 493 4106 prosperum
521 4018 597 4085 sidit
627 4016 771 4084 volatum.
820 4017 873 4082 0b
906 4012 993 4104 quod
1029 4026 1093 4081 tam
1125 4015 1198 4080 felix

71 4123 184 4180 omen,
220 4105 405 4190 praesertim
435 4103 506 4188 quia
534 4114 567 4168 et
586 4102 714 4169 victoria
735 4114 845 4169 secuta
866 4115 946 4180 est,¹
967 4101 999 4164 in
1020 4101 1118 4186 signis
1140 4100 1197 4166 sibi
1205 4111 1240 4162 to
1265 4146 1273 4159 .

71 4187 207 4274 aquilam
230 4188 321 4267 lecit,
353 4187 531 4275 tutelaeque
550 4186 713 4257 dedicarit.
755 4186 850 4254 Unde
875 4202 906 4254 et
928 4187 1063 4273 Romani
1091 4187 1199 4275 hujus-
