2632 4658
225 148 229 155 ’
359 162 599 305 minsas.
654 201 910 285 saa-ras.
1072 252 1077 261 ·
1153 212 1205 293 ar
1288 276 1293 283 ,

435 382 528 461 168.
581 384 842 463 Laodamia.

153 508 334 579 Laodamia
348 534 442 579 ‚uxor
470 512 640 581 Protesilai
664 517 731 586 fnit.
775 520 870 595 Quae
890 542 987 611 quum
1007 522 1154 593 maritum
1172 525 1206 593 in

13 656 16 663 .
67 597 150 701 bello
170 596 316 690 Trojano
338 599 470 689 periisse
491 599 712 687 cognovisset,
743 606 879 693 optavit,
904 621 941 676 ut
970 608 1115 676 umbram
1136 610 1204 698 ejus

67 685 199 754 nderet.
251 685 326 760 Qua
353 706 389 750 re
414 705 586 767 concessa,
617 708 682 755 non
711 688 864 760 deserens
894 695 1054 777 umbram,
1080 694 1113 762 in
1138 718 1205 764 am·

65 772 213 861 plexibus
233 771 301 863 ejus
322 769 425 858 periit.
549 794 552 799 ·
1198 790 1231 848 '5

221 980 229 991 ,
265 906 359 984 159.
413 884 676 1010 Phyllis'et
707 904 1011 1014 Demophoon.

151 1038 273 1129 Phyllis
307 1035 422 1124 regina
447 1035 623 1105 Thracum
659 1041 732 1109 suia
787 1044 883 1111 Haeo
917 1044 1206 1135 Demophoontem,

68 1126 194 1196 'Phenei
226 1125 342 1202 lilium,
371 1142 483 1209 regem
503 1122 756 1206 Atheniensium,
788 1128 975 1197 redeuntem
998 1131 1040 1195 de
1062 1131 1206 1221 Trojano

67 1212 192 1304 proelio
221 1208 346 1285 dilexit,
378 1221 411 1275 et
437 1207 469 1272 in
491 1207 676 1297 eonjugium
699 1234 791 1278 suum
820 1216 953 1302 rogavit.
995 1216 1054 1282 Ille
1074 1216 1135 1296 ait,
1169 1240 1205 1283 so

67 1299 157 1388 prius
187 1318 256 1363 rem
283 1298 375 1359 su‘am
405 1292 643 1376 ordinaturum,
675 1307 708 1363 et
732 1297 779 1364 sio
800 1298 843 1365 ad
863 1300 932 1365 e'us
953 1301 1078 1389 nuptias
1098 1323 1248 1375 rever-tu

67 1406 189 1452 surum.
230 1377 402 1448 Proleetus
423 1377 531 1465 itaque
555 1402 652 1467 quum
674 1380 833 1464 tardaret,
893 1384 982 1475 hyllis
1011 1386 1126 1454 amoris
1147 1388 1206 1453 im-

67 1467 221 1560 patientia
233 1478 265 1533 et
277 1464 394 1545 doloris
405 1463 562 1552 impulsu,
581 1463 669 1553 qaod
686 1490 761 1535 ses
785 1481 885 1536 ratam
904 1470 1073 1551 credebat,
1090 1472 1206 1560 laqueo

67 1554 165 1622 vitam
195 1551 309 1631 finivit,
346 1559 380 1616 et
408 1571 562 1617 conversa
590 1552 698 1637 estin
728 1492 876 1623 arionem
904 1556 1109 1646 amygdalum
1137 1559 1205 1626 sine

68 1639 161 1709 loliis.
203 1637 326 1705 Postea
351 1655 499 1704 reversus
524 1628 757 1725 Demophoon,
791 1640 924 1728 cognita
952 1664 1006 1722 re,
1041 1642 1108 1733 ejus
1137 1667 1205 1710 am-

88 1726 182 1793 lexus
216 1733 277 1801 est¹
302 1732 466 1789 trunsum:
524 1722 571 1801 ui,
607 1721 692 1801 velut
720 1726 828 1812 sponsi
858 1725 1030 1797 adventum
1062 1730 1243 1808 sentiretrs

66 1749 143 1879 iulia
164 1808 276 1877 emisit.
297 1803 395 1873 Unde
414 1818 448 1875 et
463 1802 509 1895 φύ
551 1835 573 1877 α
594 1806 775 1903 apeteliote
796 1810 990 1902 aPhyllide,
1012 1826 1205 1904 quaeautea

67 1898 200 1971 πέταλα
221 1892 418 1963 dicebantur.
647 1898 650 1905 '

476 2026 570 2105 160.
624 1978 802 2111 alcon.

152 2161 253 2232 Aleon
284 2156 345 2229 tuit
373 2142 539 2230 cretensis
568 2152 753 2250 sagittarius
780 2160 927 2249 optimus.
977 2161 1079 2264 Cujus
1105 2162 1203 2233 filiurn

66 2272 166 2338 quum
194 2247 294 2314 draeo
321 2243 507 2325 invasisset,-
534 2259 622 2315 tanta
653 2261 722 2313 arte
750 2248 901 2335 sagittam
932 2244 1062 2328 direxit,
1098 2266 1134 2317 ut
1163 2267 1246 2318 eaao

66 2354 200 2402 currens
210 2334 242 2399 in
252 2333 408 2421 serpentis
420 2331 578 2421 defigeret
591 2355 869 2422 se.oor·pore,„nee
886 2333 918 2401 iu
935 2333 1032 2403 filium
1049 2334 1204 2405 transiret.

66 2421 165 2490 Unde
184 2417 295 2487 laudes
317 2417 441 2485 meruit.

459 2552 550 2631 161.
603 2528 813 2633 Codrus.

152 2682 283 2755 Oodrus
310 2705 367 2751 rex
392 2683 452 2752 fuit
478 2682 732 2765 Atheniensium,
761 2682 816 2775 qui
840 2694 912 2754 orto
930 2682 1013 2751 hello
1033 2684 1117 2753 inter
1135 2684 1201 2753 La·

67 2792 167 2841 nonas
206 2782 241 2838 et
267 2769 493 2849 Athenienses,
529 2790 627 2855 quum
663 2767 827 2836 oraculum
854 2791 908 2838 res
931 2768 1089 2852 audisset,
1122 2769 1244 2837 illosne

61 2879 165 2946 posse
183 2856 331 2937 vincere,
351 2876 497 2944 quorum
517 2854 591 2919 dux
609 2855 769 2942 perisset,
789 2855 901 2923 habitu
940 2856 1026 2924 umili
1039 2854 1207 2959 proiectus

65 2954 118 3010 est
139 2939 185 3007 ad
203 2939 343 3013 hostium
364 2940 467 3007 sioina
494 2941 650 3017 tentoria,
685 2938 804 3026 etillie
825 2940 937 3032 jurgio
964 2964 1021 3011 eos
1048 2964 1082 3011 ιιι
1112 2963 1203 3010 suam

65 3025 203 3097 caedem
222 3025 401 3115 instigavit,
432 3038 465 3093 et
486 3026 563 3092 satis
584 3022 663 3092 lenit
683 3023 823 3093 oraoulo.
910 3032 947 3111 j
1163 3053 1166 3059 ⁴

312 3190 407 3269 162.
461 3191 703 3268 Pirithous
738 3207 790 3272 et·
813 3194 949 3275 Mars.

148 3319 329 3403 Pirithous,
350 3319 560 3411 Lapitharum
584 3340 658 3400 rex,
683 3344 781 3411 quum
802 3344 934 3391 uxorem
955 3317 1105 3398 duceret,
1128 3315 1245 3389 rici-ao
1295 3322 1300 3327 '

62 3429 123 3474 nos
151 3406 286 3497 populos
317 3406 517 3489 Centauros,
548 3417 582 3472 et
612 3405 671 3474 sibi
702 3419 879 3511 cognatos,
913 3417 947 3487 et
975 3403 1055 3470 deos
1080 3426 1203 3485 omnes,

62 3504 200 3583 excepto
226 3492 348 3573 Marte,
381 3490 425 3560 ad
452 3490 627 3558 convivium
657 3504 788 3561 voeaut.
830 3489 927 3559 Unde
945 3488 1062 3557 iratum
1086 3511 1202 3555 numen

60 3579 193 3647 immisit
219 3576 378 3661 furorem,
412 3586 447 3644 ut
473 3576 628 3644 Centauri
655 3589 688 3646 et
707 3577 870 3668 Lapithae
892 3575 926 3640 in
944 3572 1029 3664 =helia
1050 3576 1201 3643 venirent.

60 3662 161 3732 Unde
191 3662 358 3751 Virgilius:
397 3663 501 3729 Mora
527 3670 670 3748 gentem
705 3664 894 3728 immanem
920 3658 1066 3746 perdere
1090 3659 1203 3727 voluit

57 3747 314 3837 Lapitharum.
368 3744 523 3815 Centauri
550 3759 657 3812 autem
692 3747 809 3815 Ixionis
841 3758 875 3816 et
900 3742 994 3811 nubis
1025 3742 1080 3811 filii
1107 3755 1244 3834 sunt335
1273 3798 1277 3807 .

58 3856 146 3925 quae
168 3834 270 3903 nubes
289 3832 352 3925 ipsi
372 3856 393 3901 u
411 3832 540 3899 Junone
559 3831 593 3897 in
614 3832 662 3918 sui
685 3833 786 3899 forma
808 3843 858 3902 est
878 3829 1035 3929 opposita.

442 3996 535 4075 165.
590 3999 823 4075 Thessali.
945 4022 948 4029 ·

118 4074 386 4211 ,Peleduonium
412 4126 566 4221 oppidum
588 4140 638 4197 est
660 4124 866 4201 Thessaliae,
894 4126 950 4194 ubi
978 4110 1113 4214 primurn
1143 4120 1202 4188 do-

58 4218 249 4329 mandorum
279 4239 434 4310 equorum
462 4226 610 4307 repertus
638 4225 688 4281 est
717 4234 801 4341 usps:
843 4210 929 4280 Nam
949 4232 1047 4300 quum
1070 4208 1200 4298 quidam
1257 4218 1275 4233 ⁸·
