2632 4658
68 82 174 209 rets‘¹
341 131 523 233 nquogn
560 131 631 205 1u.
654 130 725 208 ..n
752 190 755 195 ,
779 129 924 249 7-3.
990 216 994 227 ,

69 314 156 402 (quod
178 315 358 409 perenniter
379 308 568 382 duraturum
589 306 656 394 θείς
676 334 740 379 non
760 310 854 394 ilum
877 290 967 403 qudd
986 315 1200 389 transilorium

70 416 127 467 est.
155 401 206 467 Le
229 401 296 484 itur
316 411 422 469 autem
445 411 478 467 et
498 401 530 465 in
545 399 685 479 historia,
704 397 849 465 Ixionem
863 399 999 486 primum
1013 400 1048 467 in
1061 402 1216 477 Graecia

68 488 162 572 regni
192 423 328 574 gloriam
357 487 546 565 affectasse3
585 485 639 573 qui
674 484 733 550 sibi
769 494 898 550 centum
928 487 1052 575 equites
1080 488 1200 577 primm

70 573 208 657 ommam
244 571 437 659 conquisivit.
487 569 584 637 Unde
615 581 648 638 et
680 570 837 636 Centauri
868 568 946 638 dicti
976 583 1067 651 sunt,
1111 574 1201 660 quasi

44 664 208 721 boantum
228 656 371 722 armati.
410 655 445 726 Ie
475 655 574 742 igitur
605 676 702 743 parvo
723 656 1034 743 tempore'celeriter
1061 678 1201 745 regnum

69 741 225 829 adeptus,
257 739 374 807 dehinc
391 738 508 828 'regno
538 740 688 828 expulsus
717 751 774 806 est
816 737 898 807 Inde
919 741 1078 817 etiamad
1099 755 1201 810 rotam

70 826 236 893 damnatus
269 824 403 905 dicitur,
436 825 523 929 quod
554 838 646 893 rotae
672 826 796 912 vertigo
825 849 909 915 quae
937 828 1105 915 superiora
1130 841 1202 898 sunt

69 913 174 979 statim
195 911 310 1000 dejicit.
352 912 425 985 Qua
445 936 478 977 m
499 933 536 976 re
561 910 757 986 ostenditur,
787 912 874 1000 quod
900 913 954 1000 qui
976 934 1034 1001 per
1056 934 1148 980 arma
1170 926 1201 981 et

70 997 248 1064 violentiam
276 1018 415 1084 regnum
451 998 620 1077 affectant,
664 996 782 1064 :subito
823 998 985 1069 eleventur
1025 1009 1060 1064 et
1095 998 1201 1069 subito

29 1082 306 1170 rodeprimuntur,
342 1083 425 1151 sicut
462 1092 550 1163 rote,
593 1104 676 1171 quae
713 1082 825 1150 stabile
861 1105 925 1149 non
964 1082 1064 1151 habet
1105 1106 1201 1152 cacu-

69 1191 151 1236 men.
321 1190 326 1210 ·
728 1226 733 1241 ,
1174 1214 1177 1218 -

149 1255 181 1321 7.
225 1253 277 1321 De
319 1252 465 1343 poetica!
481 1263 588 1320 tamen
628 1251 865 1321 Centaurorum
898 1251 1200 1321 adinventionem
1229 1335 1232 1338 ῃ

67 1339 197 1406 Servius
227 1340 281 1406 ait.
330 1339 454 1416 Quum,
484 1339 607 1426 inquit,
663 1337 770 1404 uidam
797 1338 974 1407 Thessalus
1006 1360 1065 1406 rex
1093 1339 1198 1405 bubus

67 1437 174 1492 oestro
196 1425 325 1512 agitatis
348 1423 495 1490 satellites
517 1361 661 1491 suosmd
679 1446 735 1489 eos
756 1424 955 1493 revocandos
974 1422 1022 1490 ire
1045 1424 1199 1512 jussisset,

27 1526 61 1575 15
70 1524 101 1577 et
122 1511 154 1575 hi
177 1509 219 1576 ad
242 1532 371 1577 cursum
391 1520 514 1576 tantum
533 1531 595 1574 non
617 1508 818 1589 sufficerent,
851 1531 870 1574 e
894 1533 951 1578 uos
975 1509 1198 1589 ascenderunt,

69 1606 232 1663 eteorum
252 1593 420 1663 velocitate
442 1595 538 1659 boves
559 1594 681 1674 secuti,
705 1616 762 1660 eos
784 1533 915 1664 stimdiis
937 1593 979 1663 ad
999 1606 1088 1663 tecto
1108 1616 1199 1660 revo-

69 1684 190 1782 carunt.
232 1679 301 1747 Sed
324 1678 356 1744 hi
377 1701 475 1766 quum
496 1691 552 1747 aut
571 1679 662 1782 irent·
675 1678 843 1781 velociter,
870 1692 934 1783 'aut
962 1703 1061 1768 quum
1090 1702 1198 1746 eorum

29 1835 33 1866 ·
69 1763 724 1931 lllttlltllltt„ittet-{llll
740 1764 1199 1938 ttlllttrtllltlltl

25 1945 266 2023 aopntarentur.
310 1934 464 2003 Centauri
485 1947 592 2003 autem
612 1959 633 2002 a
654 1931 999 2024 Graecoceocodpum
1019 1935 1097 2003 dicti
1117 1946 1209 2007 sunt.-

66 2022 128 2087 Alii
154 2043 230 2087 vero
258 2022 496 2087 Centaurorum
524 2020 663 2089 fabulam
695 2023 865 2089 confictam
893 2044 966 2089 esse
987 2033 1136 2089 asserunt
1157 2019 1197 2086 ad

68 2104 303 2194 exprimendam
335 2107 493 2173 humanae
521 2108 602 2174 vitae
630 2106 848 2186 velocitatem,
882 2108 958 2198 quia
982 2129 1102 2196 equum
1124 2127 1198 2173 con-

68 2205 132 2260 stat
160 2214 231 2259 esse
260 2192 499 2259 velocissimum.
549 2193 636 2258 Sane
664 2191 706 2258 de
736 2193 801 2271 his,
840 2203 877 2258 ul
912 2193 1002 2283 ajunt
1033 2192 1137 2259 Stoici
1167 2202 1199 2259 et

68 2276 267 2355 Academici,
300 2287 334 2343 et
360 2277 494 2358 ceteris,
526 2299 610 2365 quae
638 2289 750 2345 contra
777 2288 924 2346 naturam
947 2278 1096 2344 dicuntur
1121 2277 1199 2354 fieri,

25 2360 304 2449 aointelligendum
327 2373 394 2441 cst,
422 2383 485 2428 non
507 2362 709 2450 quodlicet,
739 2362 797 2430 sed
819 2361 906 2452 quod
924 2362 1112 2453 plerumque
1132 2363 1200 2429 fieri

69 2448 240 2515 videantur.
284 2447 365 2523 Qua,
378 2447 421 2514 dc
445 2470 481 2514 re
503 2460 613 2537 aptum
633 2450 850 2538 Hieronymus
872 2448 1051 2551 exemplum
1067 2449 1101 2514 in
1119 2448 1199 2514 libro

67 2534 109 2599 de
130 2535 208 2601 Vitis
231 2534 366 2604 Petrum
387 2543 514 2614 narrat,
535 2535 589 2600 ubi
612 2531 653 2598 de
674 2534 835 2600 miraculis
855 2534 989 2601 Macarri
1010 2534 1088 2621 agit.
1132 2536 1199 2601 Cu-

61 2619 190 2707 jusdam
214 2619 314 2697 enim,
342 2618 461 2707 inquit,
485 2618 718 2706 patrisfamilias
740 2619 833 2706 virgo
854 2619 918 2685 lilia
938 2641 998 2708 per
1040 2621 1200 2687 hantaeias

66 2705 209 2791 magicas
240 2705 273 2768 in
302 2705 451 2790 equinum
479 2704 593 2772 animal
623 2725 714 2771 versa
741 2705 919 2771 hominibus
945 2643 1130 2784 videiatum
1166 2713 1200 2769 ut

24 2811 59 2859 uo
69 2813 180 2855 revera
211 2809 295 2876 equa
321 2810 393 2855 esse
420 2789 607 2877 nonpuella
629 2800 805 2879 putaretur.
848 2792 945 2856 Hanc
967 2813 1064 2878 quum
1086 2812 1201 2878 paren-

66 2893 114 2941 tes
146 2873 188 2940 ad
216 2884 360 2941 sanctum
381 2874 558 2942 Macarium
590 2875 771 2956 duxissent,
805 2884 839 2941 et
866 2874 935 2955 ille,
963 2875 1051 2963 quid
1073 2875 1205 2941 vellent

65 2971 324 3051 percontaretur,
353 2960 516 3028 dixerunt:
547 2961 644 3049 Equa
664 2961 763 3043 haec,
795 2983 891 3049 quam
911 2957 1020 3026 vident
1041 2959 1126 3026 oculi
1147 2959 1203 3037 tui,

64 3046 170 3134 puella
191 3047 283 3132 virgo
305 3057 338 3111 et
358 3046 430 3113 lilia
443 3056 553 3114 nostra
575 3047 652 3127 fuit;
674 3045 898 3132 sedhomines
920 3046 1044 3134 pessimi
1067 3045 1204 3131 magicis

66 3133 186 3215 artibus
213 3133 245 3199 in
278 3130 395 3215 animal
423 3133 508 3211 hoc,
542 3133 630 3222 quod
659 3130 763 3211 vides,
799 3141 971 3198 verterunt
1027 3130 1202 3218 Rogamus

22 3236 58 3286 35
67 3239 165 3304 ergo,
187 3231 318 3283 utores
341 3216 383 3283 ad
404 3217 583 3299 dominum,
613 3232 647 3286 ut
672 3228 846 3285 commutet
867 3240 938 3282 eam
958 3217 991 3281 in
1013 3217 1092 3296 hoc,
1115 3213 1205 3319 quod

67 3305 135 3371 luit.
179 3306 220 3370 At
251 3302 303 3367 ille
335 3303 396 3370 ait:
421 3304 507 3391 'Ego
538 3303 622 3371 hanc
670 3326 743 3377 uam
765 3300 929 3369 ostenditis
951 3300 1088 3389 puellam
1109 3301 1205 3368 vrdeo

65 3389 138 3455 nihil
166 3391 197 3453 in
219 3411 255 3456 se
275 3387 410 3476 pecudis
431 3388 610 3456 habentem.
683 3411 724 3454 oc
746 3401 870 3469 autem,
892 3387 981 3474 quod
1003 3386 1118 3465 dicitis,
1140 3409 1206 3453 nou

64 3477 165 3539 estin
192 3474 259 3564 ejus
290 3496 447 3562 corpore,
483 3471 541 3542 sed
574 3475 606 3540 in
636 3474 736 3540 oculis
765 3474 965 3541 intuentium.
1007 3473 1206 3540 Phantasiae

65 3561 147 3624 enim
171 3559 362 3627 daemonum
386 3570 459 3628 sunt
486 3561 585 3639 istae,
624 3583 687 3625 non
722 3561 836 3626 veritas
869 3580 986 3624 rerum.
1029 3559 1206 3648 Quumque

21 3663 134 3715 locam
157 3669 231 3711 cum
253 3647 439 3731 perentibus
461 3647 528 3712 suis
548 3647 580 3711 in
604 3646 745 3712 cellulam
777 3669 868 3712 suam
895 3642 1142 3725 introduxisset,
1158 3657 1206 3712 ‘et

65 3729 227 3796 dominum
253 3742 387 3809 orasset,
409 3730 545 3818 oleoque
563 3753 635 3797 eam
658 3733 689 3796 in
713 3733 838 3797 nomine
859 3730 977 3798 domini
993 3730 1205 3817 perunxisset,

64 3818 149 3881 omni
170 3816 292 3881 fallacia
312 3817 397 3883 visus
420 3816 569 3905 expulsa,
600 3818 756 3904 virginem
782 3816 946 3894 omnibus,
977 3826 1014 3882 ut
1034 3816 1094 3880 sibi
1115 3816 1204 3881 vide·
1227 3860 1231 3865 -

65 3905 174 3979 batur,
204 3902 319 3967 cllecit.
363 3900 491 3968 Idcirco
514 3902 610 3968 etiam
636 3904 766 3988 magica
792 3924 844 3969 ars
866 3903 976 3968 omnis·
992 3925 1012 3966 a
1035 3901 1205 3981 Romanis,

65 4000 98 4053 nt
120 3987 241 4060 Plinius
261 3985 434 4053 Secundus
455 3989 487 4052 in
509 3987 656 4069 Naturali
680 3989 825 4055 Historia
846 3986 961 4066 docet,
993 3987 1121 4053 exclusa
1145 4001 1215 4057 est..

22 4089 53 4136 to
147 4077 179 4141 8.
221 4071 287 4141 Sed
307 4070 524 4139 odirerticulo
546 4073 587 4139 ad
608 4071 659 4154 id,
680 4072 769 4161 quod
790 4074 969 4159 coepimus,
996 4085 1206 4140 revertamur.

61 4163 113 4226 Dc
137 4183 193 4233 eo,
227 4156 316 4243 quod
337 4158 496 4226 Junonem
519 4165 626 4226 adrem
649 4156 802 4240 dicimus,
835 4158 911 4229 illud
935 4158 1004 4249 ejus
1026 4182 1099 4225 cunr
1123 4161 1209 4226 Jove
