2632 4658
123 176 236 277 ¹iiia
402 140 799 279 nyuogi.m..1i.'
840 171 1046 271 its-ao.
1091 164 1095 177 '
1174 136 1177 141 ’

156 359 262 449 (unda
282 352 347 429 est:
393 358 566 447 Cynthius
583 380 705 429 curem
727 356 864 447 vellit),
893 358 1031 425 frontem
1051 356 1160 425 Genio
1180 351 1286 443 (unde

158 457 192 513 et
225 445 320 512 deum
351 442 436 511 illum
469 453 655 513 venerantes
693 443 830 511 frontem
870 444 1085 533 tangebant),
1141 441 1284 509 dextram

157 529 280 608 Fidei,
299 530 422 615 'genua
452 527 689 595 Misericordiae
716 526 826 615 (unde
843 527 925 595 baec
945 540 1083 616 tangant
1103 526 1283 615 rogantes).
1312 579 1316 592 .

243 616 296 683 24.
340 616 487 701 Denique
508 614 641 681 Achilles
675 622 841 681 natusest
898 616 966 682 nasi
994 615 1092 691 bomo
1112 614 1281 703 perlectus,

132 706 253 788 bqoem
290 702 392 767 mater
425 699 548 788 Stygiis
579 699 669 788 aquis
699 699 838 779 intinxit,
865 637 988 782 illest,
1022 694 1135 767 coiitra
1177 720 1280 767 omnes
1315 754 1316 762 ,

41 812 45 827 ·
155 787 285 853 labores
316 784 433 852 durum
463 784 583 852 muniit.
613 782 747 873 ,Solum
784 783 814 852 ei
846 785 943 852 talum
979 808 1044 853 nou
1080 786 1192 866 tinnit3
1222 784 1279 851 lios

157 870 358 958 significante
384 869 508 951 fabula,
545 869 635 959 quod
655 892 773 952 venae,
803 871 940 957 quaein
961 871 1025 939 talo
1048 884 1144 951 suut,
1171 866 1215 939 ad
1234 890 1279 935 re·

157 968 234 1023 uitm
254 965 288 1023 et
306 956 464 1025 femorum
485 966 583 1043 atque
617 954 748 1022 virilium
779 956 933 1023 rationem
966 946 1134 1045 pertinent.
1192 952 1278 1023 Unda

159 1053 192 1109 et
215 1040 254 1107 ali
279 1063 340 1109 uae
376 1063 476 1111 venae
509 1062 612 1129 usquo
640 1040 683 1108 ad
738 1040 859 1109 ollicem
887 1042 1040 1121 tendunt;
1072 1053 1106 1109 et
1133 1040 1276 1129 Orpbeus

116 1130 153 1180 1⁰
161 1127 193 1192 in
228 1065 294 1193 tulo
335 1147 408 1192 esse
472 1125 651 1216 rincipalem
692 1064 826 1193 libidinis
863 1126 984 1197 indicat
1011 1128 1127 1193 locum.
1193 1126 1276 1228 Ergo

158 1208 323 1278 evidenter
344 1223 435 1280 osten
459 1212 540 1293 itur,
576 1211 662 1299 quod
696 1212 834 1279 humana
863 1212 960 1281 virtus
991 1215 1133 1302 quamvis
1166 1224 1276 1277 munite

156 1296 358 1376 adomnia,
396 1296 531 1364 libidinis
564 1309 670 1365 tamen
707 1297 822 1365 ictibus
855 1300 1001 1388 subjacet
1033 1300 1153 1386 patula.
1205 1294 1277 1361 lude

149 1384 253 1455 etium
274 1380 317 1448 od
338 1381 532 1471 Lycomedis
561 1384 685 1469 regiani
706 1382 838 1464 fertur,¹
860 1381 894 1449 id
916 1395 965 1453 est
985 1382 1028 1450 ad
1049 1380 1187 1450 libidinis
1209 1402 1275 1468 rog-

156 1489 243 1533 num.
286 1467 316 1533 h
340 1466 490 1534 comedes
519 1466 641 1554 (pium)
662 1467 798 1554 undio>
819 1466 921 1533 dulce
948 1468 1101 1533 nihilum
1129 1470 1214 1534 inter
1235 1490 1278 1533 rc·

114 1558 255 1621 1⁵tatur.
333 1554 412 1619 mnis
434 1575 570 1639 nomque
592 1552 688 1619 libido
710 1564 743 1619 et
764 1552 866 1619 dulcis
887 1566 921 1621 et
942 1554 1016 1619 nibil
1038 1565 1095 1621 est.
1138 1555 1193 1620 De
1224 1574 1279 1639 qne

156 1648 190 1704 et
210 1658 322 1704 amore
345 1637 528 1727 Polyxeuae
562 1639 650 1726 apud
671 1638 805 1721 Troiam
825 1638 925 1727 perit,
961 1650 994 1707 et
1022 1651 1155 1728 propter
1186 1636 1278 1705 libidi-

157 1745 229 1801 uem
251 1744 309 1810 per
331 1722 427 1789 talum
451 1722 616 1792 occiditur.
671 1723 836 1814 Polyxena
865 1736 972 1793 autem
1000 1726 1130 1791 Graece
1146 1723 1279 1803 ¹niiiltc·

157 1830 237 1958 's'll
253 1808 607 1980 tttt'ltttllti’
629 1806 1280 1963 ⁸32¹„‘¹“lisiniiffiiissiiilll‘li

112 1976 273 2043 2⁰multos
292 1979 574 2065 peregrinabunda
591 1920 753 2081 'vagetull
770 1919 878 2050 libirlo.
935 1980 990 2049 De
1020 1918 1149 2048 lenitis
1182 1917 1280 2046 mllrte

156 2064 204 2128 sic
239 2062 370 2139 Servius
404 2065 523 2133 scribit.
580 2066 731 2145 Achilles,
771 2066 891 2170 inspuit,
929 2066 962 2133 in
993 2067 1131 2157 Stygem
1161 2086 1281 2131 mersm

156 2145 323 2237 paludem,
359 2159 427 2228 totu
462 2171 599 2252 corporo
635 2150 867 2218 invulnerabilis
900 2151 975 2231 fuit,
1013 2163 1153 2239 excepta
1194 2162 1281 2237 parte

157 2254 220 2320 qua
242 2242 347 2299 tentos
369 2244 428 2300 est.
472 2235 536 2309 Qui
556 2259 654 2324 quoin
678 2248 815 2303 amatam
835 2235 1033 2327 Polyxenam
1054 2248 1093 2305 ut
1110 2238 1146 2313 iii¹
1167 2234 1281 2325 templo

154 2317 320 2405 acciperet
340 2320 512 2402 statuisset,
533 2320 653 2389 insidiis
677 2320 802 2389 Paridis
824 2333 898 2411 post
918 2322 1066 2425 Apollinis
1081 2321 1281 2388 simulacrum

104 2414 150 2466 'aa
159 2403 284 2471 latentis
310 2405 436 2471 occisus
459 2417 516 2473 est.
567 2407 663 2473 Unde
688 2407 764 2495 jure
786 2408 819 2473 in
840 2408 973 2495 Virgilio
995 2408 1131 2499 Apollini
1152 2406 1281 2477 dictur:

239 2485 419 2554 Dardana
435 2489 497 2577 qui
518 2492 668 2557 Paridis
684 2492 819 2558 direxti
839 2494 911 2559 tela
933 2506 996 2562 etc.

155 2572 297 2639 direxisti
323 2574 469 2649 videlicet
506 2577 595 2663 quasi
628 2576 670 2642 ad
701 2576 807 2644 locum
841 2578 1075 2648 vulnerabilem.
1128 2574 1282 2659 Dardanii

155 2680 232 2723 vcro
253 2657 344 2741 ideo,
383 2656 418 2726 iit'
446 2659 480 2726 id
512 2661 592 2727 deus
614 2684 678 2727 non
712 2661 857 2731 adultero
879 2664 939 2731 sed
968 2664 1057 2753 genti
1088 2661 1282 2752 praestitisse

157 2742 314 2809 videatur.
374 2743 525 2831 Fingitur
554 2748 655 2827 enim,
688 2747 775 2835 quod
802 2749 944 2853 A'polline
972 2759 1101 2818 tenente
1129 2747 1229 2815 Paris
1252 2746 1282 2813 ia

114 2832 233 2893 ³⁰eum
255 2826 319 2894 tela
342 2826 502 2896 direxerit.
555 2832 642 2898 Sane
662 2830 747 2900 ideni
767 2833 880 2917 Paris,
907 2846 944 2902 ut
964 2836 1017 2903 hic
1037 2832 1132 2925 paulo
1155 2828 1282 2921 evagrii

156 2912 340 2988 videamur,
371 2915 549 2982 secundum
570 2917 690 2984 Troico
713 2920 853 2988 Neronis
876 2920 1064 2989 fortissimus
1087 2920 1170 2998 luit,
1203 2917 1281 2985 adeo

156 3010 194 3065 ut
210 2998 242 3062 in
256 2997 379 3087 'l’rojae
397 3002 525 3088 agonali
541 3005 715 3071 certamine
731 3028 804 3072 cuni
820 3006 887 3074 aliis
908 3009 1053 3074 omnibus
1065 3006 1173 3093 ipsum
1190 3002 1281 3073 etim

157 3085 335 3151 Hectorem
350 3100 527 3175 superaret.
571 3090 634 3164 Qui
649 3113 747 3178 quum
768 3091 867 3160 iratos
884 3092 916 3158 iri
929 3115 1004 3159 euin
1018 3091 1197 3175 stringeret
1217 3088 1283 3176 gla-

158 3168 257 3249 dium,
280 3167 358 3237 dixit
371 3195 407 3238 se
419 3195 491 3239 esse
503 3195 704 3260 germanum,
723 3176 810 3265 quod
824 3177 923 3246 ababa
938 3175 1118 3266 crepundiis
1130 3173 1281 3262 proban‘t

116 3260 153 3313 ³⁶
244 3254 297 3321 25.
340 3257 423 3329 Quia
442 3280 516 3324 vero
536 3261 649 3327 Protei
668 3261 815 3348 superius
841 3263 975 3330 lecimus
1006 3262 1220 3343 mentionem,
1246 3256 1282 3325 de

159 3362 199 3406 eo
223 3338 342 3426 aliquid
363 3340 516 3411 dicamus.
567 3345 694 3413 Dicitur
716 3347 883 3434 quodnisi
906 3348 1024 3435 ligatus
1044 3368 1206 3435 responsa
1223 3364 1281 3413 nor

158 3425 267 3491 dabat.
311 3426 412 3515 Cujus
433 3429 479 3493 rei
502 3430 711 3517 figmentum,
745 3442 780 3499 ut
798 3434 843 3502 ait
861 3434 1010 3515 Seruius,
1042 3431 1211 3523 physicam
1234 3452 1281 3499 ro·

158 3509 229 3575 lunt
256 3508 378 3578 habere
414 3515 578 3582 rationem.
635 3517 746 3586 Habet
772 3520 873 3600 enim,
906 3519 1026 3608 iuquit,
1057 3520 1158 3585 liomo
1190 3516 1227 3583 in
1251 3536 1281 3585 st

158 3593 329 3677 libidinem,
350 3597 521 3689 stultitiam,
544 3601 744 3670 ferocitatem
765 3616 799 3671 et
819 3604 936 3672 dolum.
980 3606 1073 3679 Quae
1094 3602 1175 3672 dum
1195 3603 1231 3667 in
1248 3604 1281 3669 'eo

119 3681 279 3768 obtigerit,
300 3705 375 3783 pars
390 3683 450 3762 illa,
473 3687 667 3772 quaiicinus
689 3699 739 3756 est
760 3687 921 3770 divinitati,
942 3713 1005 3757 non
1022 3700 1169 3778 apparet,
1189 3688 1227 3757 id
1241 3698 1282 3757 est

161 3766 341 3865 prudentia,
361 3793 445 3856 quac
452 3781 529 3837 tunc
538 3784 644 3859 potest
658 3796 733 3841 suas
746 3774 827 3842 vires
841 3788 963 3857 tenere,
983 3798 1082 3879 quum
1099 3774 1222 3845 fuerint
1239 3774 1283 3841 im

162 3850 308 3937 religata,
326 3853 359 3918 id
378 3866 438 3934 est,
459 3878 556 3943 quum
577 3858 648 3946 quis
659 3860 804 3927 omnibus
816 3862 955 3929 caruerit
976 3861 1064 3927 vitiis.
1106 3859 1192 3926 Inde
1206 3862 1283 3929 Pro·

163 3946 248 4002 teum
258 3949 336 4005 tuuc
344 3938 583 4031 legimusposse
591 3943 751 4011 vaticinari
760 3957 792 4016 et
798 3948 961 4034 suscipere
970 3946 1176 4028 divinitatem,
1191 3968 1283 4037 qaum

71 4066 78 4091 i
165 4020 301 4122 religata
330 4023 362 4091 ia
392 4048 432 4090 eo
465 4026 562 4093 suerit
590 4030 763 4117 cupiditas,
796 4032 947 4099 silvestris
973 4032 1149 4120 asperitas,
1181 4031 1284 4123 lapsus

122 4126 276 4187 abnormi,
313 4132 465 4197 aquarum
494 4114 691 4183 mutabilitati
719 4116 895 4184 consimilis.
949 4115 1033 4183 Nam
1055 4128 1090 4184 et
1110 4120 1283 4189 seeundum

167 4191 304 4259 fabulum
325 4197 440 4284 (quom
462 4197 494 4263 iu
514 4214 628 4285 quarto
663 4203 836 4290 Geogicou
851 4203 898 4307 de
919 4224 959 4270 eo
980 4202 1136 4291 legimusz'
1303 4236 1308 4247 ·
