<?xml version="1.0" encoding="UTF-8"?>
<!DOCTYPE html PUBLIC "-//W3C//DTD XHTML 1.0 Transitional//EN"
    "http://www.w3.org/TR/xhtml1/DTD/xhtml1-transitional.dtd">
<html xmlns="http://www.w3.org/1999/xhtml" xml:lang="en" lang="en">
 <head>
  <title>
</title>
<meta http-equiv="Content-Type" content="text/html;charset=utf-8" />
  <meta name='ocr-system' content='tesseract 3.04.00' />
  <meta name='ocr-capabilities' content='ocr_page ocr_carea ocr_par ocr_line ocrx_word'/>
</head>
<body>
  <div class='ocr_page' id='page_1' title='image "./scriptoresrereu01bodegoog_0200.png"; bbox 0 0 2632 4658; ppageno 0'>
   <div class='ocr_carea' id='block_1_1' title="bbox 347 167 1206 295">
    <p class='ocr_par' dir='ltr' id='par_1_1' title="bbox 237 116 1206 295">
     <span class='ocr_line' id='line_1_1' title="bbox 347 167 1206 295; baseline -0.006 -45.681"><span class='ocrx_word' id='word_1_1' title='bbox 347 168 631 295; x_wconf 55' lang='lat' dir='ltr'><strong>aquaem,</strong></span> <span class='ocrx_word' id='word_1_2' title='bbox 686 169 726 248; x_wconf 84' lang='lat' dir='ltr'><strong>o.</strong></span> <span class='ocrx_word' id='word_1_3' title='bbox 779 169 923 275; x_wconf 37' lang='lat' dir='ltr'><strong>cfr.</strong></span> <span class='ocrx_word' id='word_1_4' title='bbox 1095 167 1206 245; x_wconf 46' lang='lat' dir='ltr'><strong>&#39;arr</strong></span> 
     </span>
    </p>
   </div>
   <div class='ocr_carea' id='block_1_2' title="bbox 44 353 1314 2063">
    <p class='ocr_par' dir='ltr' id='par_1_2' title="bbox 44 353 1314 2063">
     <span class='ocr_line' id='line_1_2' title="bbox 72 353 1314 445; baseline -0.002 -24"><span class='ocrx_word' id='word_1_5' title='bbox 72 375 139 421; x_wconf 91' lang='lat' dir='ltr'><strong>non</strong></span> <span class='ocrx_word' id='word_1_6' title='bbox 157 354 235 422; x_wconf 85' lang='lat' dir='ltr'><strong>satis</strong></span> <span class='ocrx_word' id='word_1_7' title='bbox 254 353 309 435; x_wconf 85' lang='lat' dir='ltr'><strong>lit,</strong></span> <span class='ocrx_word' id='word_1_8' title='bbox 333 353 542 445; x_wconf 53' lang='lat' dir='ltr'><strong>sed&#39;sernpar</strong></span> <span class='ocrx_word' id='word_1_9' title='bbox 561 355 770 425; x_wconf 79' lang='lat' dir='ltr'><strong>recrudescit.</strong></span> <span class='ocrx_word' id='word_1_10' title='bbox 811 355 893 424; x_wconf 86' lang='lat' dir='ltr'><strong>lade</strong></span> <span class='ocrx_word' id='word_1_11' title='bbox 913 354 1068 424; x_wconf 85' lang='lat' dir='ltr'><strong>Horatlus</strong></span> <span class='ocrx_word' id='word_1_12' title='bbox 1086 355 1206 420; x_wconf 83' lang='lat' dir='ltr'><strong>incon·</strong></span> <span class='ocrx_word' id='word_1_13' title='bbox 1308 400 1314 411; x_wconf 77' lang='lat'>.</span> 
     </span>
     <span class='ocr_line' id='line_1_3' title="bbox 73 437 1205 530; baseline 0.001 -25"><span class='ocrx_word' id='word_1_14' title='bbox 73 441 242 520; x_wconf 80' lang='lat' dir='ltr'><strong>tinentia,</strong></span> <span class='ocrx_word' id='word_1_15' title='bbox 261 441 323 518; x_wconf 88' lang='lat' dir='ltr'><strong>ait,</strong></span> <span class='ocrx_word' id='word_1_16' title='bbox 344 440 457 526; x_wconf 22' lang='lat' dir='ltr'><strong>‘tityi</strong></span> <span class='ocrx_word' id='word_1_17' title='bbox 474 444 591 530; x_wconf 81' lang='lat' dir='ltr'><strong>jecur.</strong></span> <span class='ocrx_word' id='word_1_18' title='bbox 631 444 714 527; x_wconf 68' lang='lat' dir='ltr'><strong>¹Hic</strong></span> <span class='ocrx_word' id='word_1_19' title='bbox 741 452 774 510; x_wconf 88' lang='lat' dir='ltr'><strong>et</strong></span> <span class='ocrx_word' id='word_1_20' title='bbox 794 463 853 530; x_wconf 91' lang='lat' dir='ltr'><strong>pro</strong></span> <span class='ocrx_word' id='word_1_21' title='bbox 873 443 1012 522; x_wconf 86' lang='lat' dir='ltr'><strong>incesto,</strong></span> <span class='ocrx_word' id='word_1_22' title='bbox 1046 437 1133 529; x_wconf 90' lang='lat' dir='ltr'><strong>quod</strong></span> <span class='ocrx_word' id='word_1_23' title='bbox 1163 440 1205 507; x_wconf 85' lang='lat' dir='ltr'><strong>ri-</strong></span> 
     </span>
     <span class='ocr_line' id='line_1_4' title="bbox 73 523 1209 616; baseline 0.002 -26"><span class='ocrx_word' id='word_1_24' title='bbox 73 525 192 592; x_wconf 89' lang='lat' dir='ltr'><strong>delicet</strong></span> <span class='ocrx_word' id='word_1_25' title='bbox 211 525 367 593; x_wconf 75' lang='lat' dir='ltr'><strong>Latonam</strong></span> <span class='ocrx_word' id='word_1_26' title='bbox 392 525 435 591; x_wconf 90' lang='lat' dir='ltr'><strong>de</strong></span> <span class='ocrx_word' id='word_1_27' title='bbox 456 541 573 614; x_wconf 87' lang='lat' dir='ltr'><strong>stupro·</strong></span> <span class='ocrx_word' id='word_1_28' title='bbox 595 525 822 616; x_wconf 80' lang='lat' dir='ltr'><strong>interpellarit,</strong></span> <span class='ocrx_word' id='word_1_29' title='bbox 855 525 941 616; x_wconf 89' lang='lat' dir='ltr'><strong>apud</strong></span> <span class='ocrx_word' id='word_1_30' title='bbox 969 527 1088 592; x_wconf 90' lang='lat' dir='ltr'><strong>inferos</strong></span> <span class='ocrx_word' id='word_1_31' title='bbox 1116 523 1209 592; x_wconf 62' lang='lat' dir='ltr'><strong>dana:</strong></span> 
     </span>
     <span class='ocr_line' id='line_1_5' title="bbox 74 609 1206 702; baseline 0.001 -27"><span class='ocrx_word' id='word_1_32' title='bbox 74 621 171 677; x_wconf 89' lang='lat' dir='ltr'><strong>natus</strong></span> <span class='ocrx_word' id='word_1_33' title='bbox 206 609 331 676; x_wconf 89' lang='lat' dir='ltr'><strong>dicitnr.</strong></span> <span class='ocrx_word' id='word_1_34' title='bbox 371 609 466 678; x_wconf 89' lang='lat' dir='ltr'><strong>Idem</strong></span> <span class='ocrx_word' id='word_1_35' title='bbox 491 611 662 687; x_wconf 81' lang='lat' dir='ltr'><strong>Lucretius</strong></span> <span class='ocrx_word' id='word_1_36' title='bbox 698 634 757 702; x_wconf 92' lang='lat' dir='ltr'><strong>per</strong></span> <span class='ocrx_word' id='word_1_37' title='bbox 792 634 869 691; x_wconf 92' lang='lat' dir='ltr'><strong>eos,</strong></span> <span class='ocrx_word' id='word_1_38' title='bbox 909 634 1006 701; x_wconf 89' lang='lat' dir='ltr'><strong>super</strong></span> <span class='ocrx_word' id='word_1_39' title='bbox 1034 633 1115 699; x_wconf 89' lang='lat' dir='ltr'><strong>quos</strong></span> <span class='ocrx_word' id='word_1_40' title='bbox 1129 654 1133 665; x_wconf 82' lang='lat'><em>·</em></span> <span class='ocrx_word' id='word_1_41' title='bbox 1138 609 1206 698; x_wconf 85' lang='lat' dir='ltr'><strong>jam</strong></span> 
     </span>
     <span class='ocr_line' id='line_1_6' title="bbox 74 693 1229 799; baseline -0.001 -37"><span class='ocrx_word' id='word_1_42' title='bbox 74 715 209 787; x_wconf 78' lang='lat' dir='ltr'><strong>casurus</strong></span> <span class='ocrx_word' id='word_1_43' title='bbox 230 696 371 780; x_wconf 81' lang='lat' dir='ltr'>imminet</span> <span class='ocrx_word' id='word_1_44' title='bbox 389 693 487 799; x_wconf 86' lang='lat' dir='ltr'><strong>lapis,</strong></span> <span class='ocrx_word' id='word_1_45' title='bbox 515 706 553 764; x_wconf 87' lang='lat' dir='ltr'><strong>nt</strong></span> <span class='ocrx_word' id='word_1_46' title='bbox 575 694 618 763; x_wconf 89' lang='lat' dir='ltr'><strong>de</strong></span> <span class='ocrx_word' id='word_1_47' title='bbox 638 697 786 789; x_wconf 80' lang='lat' dir='ltr'><strong>Phlegya</strong></span> <span class='ocrx_word' id='word_1_48' title='bbox 799 696 942 784; x_wconf 77' lang='lat' dir='ltr'><strong>legitur,</strong></span> <span class='ocrx_word' id='word_1_49' title='bbox 971 695 1229 785; x_wconf 84' lang='lat' dir='ltr'><strong>superstitiososo</strong></span> 
     </span>
     <span class='ocr_line' id='line_1_7' title="bbox 44 778 1208 868; baseline 0 -21"><span class='ocrx_word' id='word_1_50' title='bbox 44 801 46 806; x_wconf 78' lang='grc'>’</span> <span class='ocrx_word' id='word_1_51' title='bbox 74 780 133 847; x_wconf 89' lang='lat' dir='ltr'><strong>dat</strong></span> <span class='ocrx_word' id='word_1_52' title='bbox 158 780 310 868; x_wconf 75' lang='lat' dir='ltr'><strong>intelligi,</strong></span> <span class='ocrx_word' id='word_1_53' title='bbox 344 781 399 867; x_wconf 91' lang='lat' dir='ltr'><strong>qui</strong></span> <span class='ocrx_word' id='word_1_54' title='bbox 413 781 659 850; x_wconf 74' lang='lat' dir='ltr'><strong>maniter-sem</strong></span> <span class='ocrx_word' id='word_1_55' title='bbox 684 805 719 849; x_wconf 89' lang='lat' dir='ltr'><strong>er</strong></span> <span class='ocrx_word' id='word_1_56' title='bbox 750 793 913 862; x_wconf 81' lang='lat' dir='ltr'><strong>verentur,</strong></span> <span class='ocrx_word' id='word_1_57' title='bbox 951 792 985 849; x_wconf 91' lang='lat' dir='ltr'><strong>et</strong></span> <span class='ocrx_word' id='word_1_58' title='bbox 1013 780 1055 847; x_wconf 93' lang='lat' dir='ltr'><strong>de</strong></span> <span class='ocrx_word' id='word_1_59' title='bbox 1078 778 1148 848; x_wconf 80' lang='lat' dir='ltr'><strong>&#39;diis</strong></span> <span class='ocrx_word' id='word_1_60' title='bbox 1175 790 1208 847; x_wconf 92' lang='lat' dir='ltr'><strong>et</strong></span> 
     </span>
     <span class='ocr_line' id='line_1_8' title="bbox 73 807 1226 961; baseline -0.003 -27"><span class='ocrx_word' id='word_1_61' title='bbox 73 866 292 954; x_wconf 87' lang='lat' dir='ltr'><strong>superioribus</strong></span> <span class='ocrx_word' id='word_1_62' title='bbox 322 865 405 948; x_wconf 81' lang='lat' dir='ltr'><strong>mele</strong></span> <span class='ocrx_word' id='word_1_63' title='bbox 436 867 613 961; x_wconf 58' lang='lat' dir='ltr'><strong>opinantur,</strong></span> <span class='ocrx_word' id='word_1_64' title='bbox 653 807 740 936; x_wconf 58' lang='lat' dir='ltr'><strong>ham</strong></span> <span class='ocrx_word' id='word_1_65' title='bbox 771 868 909 955; x_wconf 82' lang='lat' dir='ltr'><strong>religiosi</strong></span> <span class='ocrx_word' id='word_1_66' title='bbox 937 878 1031 946; x_wconf 85' lang='lat' dir='ltr'><strong>sont,</strong></span> <span class='ocrx_word' id='word_1_67' title='bbox 1075 867 1129 954; x_wconf 91' lang='lat' dir='ltr'><strong>qui</strong></span> <span class='ocrx_word' id='word_1_68' title='bbox 1148 887 1226 954; x_wconf 61' lang='lat' dir='ltr'><strong>per1</strong></span> 
     </span>
     <span class='ocr_line' id='line_1_9' title="bbox 73 950 1208 1042; baseline -0.002 -24"><span class='ocrx_word' id='word_1_69' title='bbox 73 951 284 1018; x_wconf 78' lang='lat' dir='ltr'><strong>reverentiam</strong></span> <span class='ocrx_word' id='word_1_70' title='bbox 312 950 432 1018; x_wconf 82' lang='lat' dir='ltr'><strong>timent.</strong></span> <span class='ocrx_word' id='word_1_71' title='bbox 476 953 573 1019; x_wconf 82' lang='lat' dir='ltr'>Unde</span> <span class='ocrx_word' id='word_1_72' title='bbox 594 956 627 1020; x_wconf 82' lang='lat' dir='ltr'><strong>et</strong></span> <span class='ocrx_word' id='word_1_73' title='bbox 654 955 707 1021; x_wconf 92' lang='lat' dir='ltr'><strong>hic</strong></span> <span class='ocrx_word' id='word_1_74' title='bbox 736 954 889 1042; x_wconf 90' lang='lat' dir='ltr'><strong>templum</strong></span> <span class='ocrx_word' id='word_1_75' title='bbox 909 952 1056 1041; x_wconf 78' lang='lat' dir='ltr'><strong>Apollinis</strong></span> <span class='ocrx_word' id='word_1_76' title='bbox 1077 952 1208 1018; x_wconf 83' lang='lat' dir='ltr'><strong>subser-</strong></span> 
     </span>
     <span class='ocr_line' id='line_1_10' title="bbox 73 1035 1207 1128; baseline -0.003 -24"><span class='ocrx_word' id='word_1_77' title='bbox 73 1035 331 1126; x_wconf 88' lang='lat' dir='ltr'><strong>tendopoenam</strong></span> <span class='ocrx_word' id='word_1_78' title='bbox 353 1035 435 1124; x_wconf 82' lang='lat' dir='ltr'><strong>illam</strong></span> <span class='ocrx_word' id='word_1_79' title='bbox 455 1038 589 1128; x_wconf 70' lang='lat' dir='ltr'><strong>fingitur</strong></span> <span class='ocrx_word' id='word_1_80' title='bbox 619 1039 781 1106; x_wconf 86' lang='lat' dir='ltr'><strong>meruisse.</strong></span> <span class='ocrx_word' id='word_1_81' title='bbox 822 1039 890 1106; x_wconf 93' lang='lat' dir='ltr'><strong>Per</strong></span> <span class='ocrx_word' id='word_1_82' title='bbox 911 1059 989 1119; x_wconf 85' lang='lat' dir='ltr'><strong>eos,</strong></span> <span class='ocrx_word' id='word_1_83' title='bbox 1020 1036 1074 1125; x_wconf 92' lang='lat' dir='ltr'><strong>qui</strong></span> <span class='ocrx_word' id='word_1_84' title='bbox 1096 1039 1207 1115; x_wconf 81' lang='lat' dir='ltr'><strong>sexum</strong></span> 
     </span>
     <span class='ocr_line' id='line_1_11' title="bbox 74 1120 1245 1271; baseline 0.001 -84"><span class='ocrx_word' id='word_1_85' title='bbox 74 1122 220 1217; x_wconf 85' lang='lat' dir='ltr'><strong>volvunt,</strong></span> <span class='ocrx_word' id='word_1_86' title='bbox 249 1132 288 1189; x_wconf 90' lang='lat' dir='ltr'><strong>ut</strong></span> <span class='ocrx_word' id='word_1_87' title='bbox 309 1120 481 1271; x_wconf 62' lang='lat' dir='ltr'><strong>Sisyphus,</strong></span> <span class='ocrx_word' id='word_1_88' title='bbox 504 1122 668 1192; x_wconf 81' lang='lat' dir='ltr'><strong>&#39;ambitum</strong></span> <span class='ocrx_word' id='word_1_89' title='bbox 687 1124 756 1193; x_wconf 86' lang='lat' dir='ltr'><strong>&#39;vult</strong></span> <span class='ocrx_word' id='word_1_90' title='bbox 778 1135 811 1192; x_wconf 90' lang='lat' dir='ltr'><strong>et</strong></span> <span class='ocrx_word' id='word_1_91' title='bbox 839 1123 998 1213; x_wconf 84' lang='lat' dir='ltr'><strong>repulsam</strong></span> <span class='ocrx_word' id='word_1_92' title='bbox 1024 1120 1245 1209; x_wconf 64' lang='lat' dir='ltr'><strong>significarint</strong></span> 
     </span>
     <span class='ocr_line' id='line_1_12' title="bbox 73 1205 1209 1297; baseline 0 -24"><span class='ocrx_word' id='word_1_93' title='bbox 73 1209 150 1296; x_wconf 88' lang='lat' dir='ltr'><strong>qnia</strong></span> <span class='ocrx_word' id='word_1_94' title='bbox 170 1227 297 1297; x_wconf 78' lang='lat' dir='ltr'>semper</span> <span class='ocrx_word' id='word_1_95' title='bbox 317 1227 396 1296; x_wconf 88' lang='lat' dir='ltr'><strong>repu</strong></span> <span class='ocrx_word' id='word_1_96' title='bbox 406 1207 433 1273; x_wconf 86' lang='lat' dir='ltr'><strong>si</strong></span> <span class='ocrx_word' id='word_1_97' title='bbox 453 1206 641 1295; x_wconf 86' lang='lat' dir='ltr'><strong>repetitores</strong></span> <span class='ocrx_word' id='word_1_98' title='bbox 668 1211 789 1277; x_wconf 89' lang='lat' dir='ltr'><strong>ambire</strong></span> <span class='ocrx_word' id='word_1_99' title='bbox 819 1230 883 1275; x_wconf 92' lang='lat' dir='ltr'><strong>non</strong></span> <span class='ocrx_word' id='word_1_100' title='bbox 915 1208 1072 1286; x_wconf 64' lang='lat' dir='ltr'><strong>demunt.</strong></span> <span class='ocrx_word' id='word_1_101' title='bbox 1114 1205 1209 1273; x_wconf 87' lang='lat' dir='ltr'><strong>Unde</strong></span> 
     </span>
     <span class='ocr_line' id='line_1_13' title="bbox 74 1291 1309 1383; baseline -0.002 -24"><span class='ocrx_word' id='word_1_102' title='bbox 74 1303 110 1359; x_wconf 90' lang='lat' dir='ltr'><strong>et</strong></span> <span class='ocrx_word' id='word_1_103' title='bbox 130 1293 288 1382; x_wconf 74' lang='lat' dir='ltr'><strong>Sisyphus</strong></span> <span class='ocrx_word' id='word_1_104' title='bbox 316 1313 375 1378; x_wconf 91' lang='lat' dir='ltr'><strong>per</strong></span> <span class='ocrx_word' id='word_1_105' title='bbox 400 1291 598 1360; x_wconf 72' lang='lat' dir='ltr'><strong>latrocinium</strong></span> <span class='ocrx_word' id='word_1_106' title='bbox 627 1318 763 1383; x_wconf 87' lang='lat' dir='ltr'><strong>poenam</strong></span> <span class='ocrx_word' id='word_1_107' title='bbox 783 1294 866 1362; x_wconf 88' lang='lat' dir='ltr'><strong>illam</strong></span> <span class='ocrx_word' id='word_1_108' title='bbox 886 1293 1056 1360; x_wconf 90' lang='lat' dir='ltr'><strong>incurrisse</strong></span> <span class='ocrx_word' id='word_1_109' title='bbox 1077 1314 1141 1359; x_wconf 91' lang='lat' dir='ltr'><strong>non</strong></span> <span class='ocrx_word' id='word_1_110' title='bbox 1161 1292 1208 1358; x_wconf 90' lang='lat' dir='ltr'><strong>iu·</strong></span> <span class='ocrx_word' id='word_1_111' title='bbox 1240 1307 1245 1320; x_wconf 88' lang='grc'><em>’</em></span> <span class='ocrx_word' id='word_1_112' title='bbox 1304 1293 1309 1335; x_wconf 68' lang='lat'><em>2</em></span> 
     </span>
     <span class='ocr_line' id='line_1_14' title="bbox 75 1375 1208 1468; baseline -0.002 -24"><span class='ocrx_word' id='word_1_113' title='bbox 75 1399 222 1465; x_wconf 79' lang='lat' dir='ltr'><strong>congrue</strong></span> <span class='ocrx_word' id='word_1_114' title='bbox 243 1376 307 1443; x_wconf 89' lang='lat' dir='ltr'><strong>dici</strong></span> <span class='ocrx_word' id='word_1_115' title='bbox 328 1375 460 1444; x_wconf 86' lang='lat' dir='ltr'><strong>ridetur.</strong></span> <span class='ocrx_word' id='word_1_116' title='bbox 501 1378 660 1448; x_wconf 75' lang='lat' dir='ltr'><strong>Latrones</strong></span> <span class='ocrx_word' id='word_1_117' title='bbox 689 1381 791 1461; x_wconf 88' lang='lat' dir='ltr'><strong>enirn,</strong></span> <span class='ocrx_word' id='word_1_118' title='bbox 818 1379 894 1447; x_wconf 91' lang='lat' dir='ltr'><strong>licet</strong></span> <span class='ocrx_word' id='word_1_119' title='bbox 913 1401 1011 1468; x_wconf 89' lang='lat' dir='ltr'><strong>saepe</strong></span> <span class='ocrx_word' id='word_1_120' title='bbox 1031 1378 1208 1466; x_wconf 84' lang='lat' dir='ltr'><strong>pericliten-</strong></span> 
     </span>
     <span class='ocr_line' id='line_1_15' title="bbox 75 1462 1206 1552; baseline -0.001 -22"><span class='ocrx_word' id='word_1_121' title='bbox 75 1473 149 1544; x_wconf 87' lang='lat' dir='ltr'><strong>tur,</strong></span> <span class='ocrx_word' id='word_1_122' title='bbox 183 1464 225 1530; x_wconf 88' lang='lat' dir='ltr'><strong>ab</strong></span> <span class='ocrx_word' id='word_1_123' title='bbox 247 1463 411 1549; x_wconf 87' lang='lat' dir='ltr'><strong>iniquitate</strong></span> <span class='ocrx_word' id='word_1_124' title='bbox 443 1475 550 1530; x_wconf 87' lang='lat' dir='ltr'><strong>tamen</strong></span> <span class='ocrx_word' id='word_1_125' title='bbox 578 1488 642 1533; x_wconf 92' lang='lat' dir='ltr'><strong>non</strong></span> <span class='ocrx_word' id='word_1_126' title='bbox 668 1464 831 1533; x_wconf 79' lang='lat' dir='ltr'><strong>desistunt.</strong></span> <span class='ocrx_word' id='word_1_127' title='bbox 890 1462 957 1530; x_wconf 93' lang='lat' dir='ltr'><strong>Per</strong></span> <span class='ocrx_word' id='word_1_128' title='bbox 983 1487 1059 1544; x_wconf 91' lang='lat' dir='ltr'><strong>eos,</strong></span> <span class='ocrx_word' id='word_1_129' title='bbox 1096 1462 1206 1552; x_wconf 88' lang='lat' dir='ltr'><strong>qnlin</strong></span> 
     </span>
     <span class='ocr_line' id='line_1_16' title="bbox 75 1541 1250 1701; baseline -0.002 -86"><span class='ocrx_word' id='word_1_130' title='bbox 75 1559 166 1628; x_wconf 87' lang='lat' dir='ltr'><strong>rota,</strong></span> <span class='ocrx_word' id='word_1_131' title='bbox 191 1559 233 1616; x_wconf 89' lang='lat' dir='ltr'><strong>ut</strong></span> <span class='ocrx_word' id='word_1_132' title='bbox 251 1541 362 1627; x_wconf 75' lang='lat' dir='ltr'><strong>Ision,</strong></span> <span class='ocrx_word' id='word_1_133' title='bbox 393 1559 552 1629; x_wconf 83' lang='lat' dir='ltr'><strong>rotantur,</strong></span> <span class='ocrx_word' id='word_1_134' title='bbox 584 1552 804 1638; x_wconf 80' lang='lat' dir='ltr'><strong>negotiatores</strong></span> <span class='ocrx_word' id='word_1_135' title='bbox 820 1550 980 1629; x_wconf 79' lang='lat' dir='ltr'><strong>ostendit,</strong></span> <span class='ocrx_word' id='word_1_136' title='bbox 1009 1551 1062 1701; x_wconf 79' lang='lat' dir='ltr'><strong>qni</strong></span> <span class='ocrx_word' id='word_1_137' title='bbox 1081 1552 1250 1635; x_wconf 79' lang='lat' dir='ltr'><strong>semperte</strong></span> 
     </span>
     <span class='ocr_line' id='line_1_17' title="bbox 76 1633 1210 1722; baseline -0.002 -21"><span class='ocrx_word' id='word_1_138' title='bbox 76 1633 319 1720; x_wconf 74' lang='lat' dir='ltr'><strong>tenpestaubus</strong></span> <span class='ocrx_word' id='word_1_139' title='bbox 349 1633 589 1722; x_wconf 85' lang='lat' dir='ltr'><strong>turbinibusque</strong></span> <span class='ocrx_word' id='word_1_140' title='bbox 618 1636 805 1705; x_wconf 79' lang='lat' dir='ltr'><strong>solvuntur.··</strong></span> <span class='ocrx_word' id='word_1_141' title='bbox 848 1634 942 1704; x_wconf 84' lang='lat' dir='ltr'><strong>Unde</strong></span> <span class='ocrx_word' id='word_1_142' title='bbox 969 1646 1003 1703; x_wconf 89' lang='lat' dir='ltr'><strong>et</strong></span> <span class='ocrx_word' id='word_1_143' title='bbox 1018 1687 1021 1691; x_wconf 76' lang='grc'><em>.</em></span> <span class='ocrx_word' id='word_1_144' title='bbox 1039 1635 1128 1713; x_wconf 84' lang='lat' dir='ltr'><strong>xion,</strong></span> <span class='ocrx_word' id='word_1_145' title='bbox 1157 1635 1210 1722; x_wconf 90' lang='lat' dir='ltr'><strong>qni</strong></span> 
     </span>
     <span class='ocr_line' id='line_1_18' title="bbox 98 1717 1211 1824; baseline -0.001 -40"><span class='ocrx_word' id='word_1_146' title='bbox 98 1717 235 1786; x_wconf 84' lang='lat' dir='ltr'><strong>&#39;asmodi</strong></span> <span class='ocrx_word' id='word_1_147' title='bbox 254 1740 391 1806; x_wconf 88' lang='lat' dir='ltr'><strong>poenam</strong></span> <span class='ocrx_word' id='word_1_148' title='bbox 410 1720 556 1801; x_wconf 79' lang='lat' dir='ltr'><strong>meruit,</strong></span> <span class='ocrx_word' id='word_1_149' title='bbox 578 1726 698 1824; x_wconf 73' lang='lat' dir='ltr'><strong>regno,</strong></span> <span class='ocrx_word' id='word_1_150' title='bbox 734 1734 771 1789; x_wconf 93' lang='lat' dir='ltr'><strong>ut</strong></span> <span class='ocrx_word' id='word_1_151' title='bbox 790 1719 944 1802; x_wconf 79' lang='lat' dir='ltr'><strong>diximus,</strong></span> <span class='ocrx_word' id='word_1_152' title='bbox 976 1720 1064 1808; x_wconf 91' lang='lat' dir='ltr'><strong>prius</strong></span> <span class='ocrx_word' id='word_1_153' title='bbox 1085 1720 1211 1800; x_wconf 85' lang='lat' dir='ltr'><strong>ditatus,</strong></span> 
     </span>
     <span class='ocr_line' id='line_1_19' title="bbox 77 1741 1212 1910; baseline 0 -40"><span class='ocrx_word' id='word_1_154' title='bbox 77 1741 197 1871; x_wconf 54' lang='lat' dir='ltr'><strong>‹el&#39;einde</strong></span> <span class='ocrx_word' id='word_1_155' title='bbox 219 1803 385 1892; x_wconf 83' lang='lat' dir='ltr'><strong>expulsus,</strong></span> <span class='ocrx_word' id='word_1_156' title='bbox 417 1815 450 1872; x_wconf 89' lang='lat' dir='ltr'><strong>et</strong></span> <span class='ocrx_word' id='word_1_157' title='bbox 470 1827 529 1892; x_wconf 89' lang='lat' dir='ltr'><strong>pro</strong></span> <span class='ocrx_word' id='word_1_158' title='bbox 551 1804 656 1892; x_wconf 77' lang='lat' dir='ltr'><strong>gloria</strong></span> <span class='ocrx_word' id='word_1_159' title='bbox 676 1807 773 1910; x_wconf 82' lang='lat' dir='ltr'><strong>priori</strong></span> <span class='ocrx_word' id='word_1_160' title='bbox 794 1806 998 1893; x_wconf 82' lang='lat' dir='ltr'><strong>ignominiam</strong></span> <span class='ocrx_word' id='word_1_161' title='bbox 1018 1826 1131 1894; x_wconf 85' lang='lat' dir='ltr'><strong>passus</strong></span> <span class='ocrx_word' id='word_1_162' title='bbox 1152 1815 1212 1871; x_wconf 85' lang='lat' dir='ltr'><strong>eet.</strong></span> 
     </span>
     <span class='ocr_line' id='line_1_20' title="bbox 78 1889 1212 1978; baseline 0 -21"><span class='ocrx_word' id='word_1_163' title='bbox 78 1966 85 1971; x_wconf 42' lang='grc'><em>,</em></span> <span class='ocrx_word' id='word_1_164' title='bbox 163 1893 197 1957; x_wconf 85' lang='grc'><strong>6.</strong></span> <span class='ocrx_word' id='word_1_165' title='bbox 239 1889 292 1955; x_wconf 85' lang='lat' dir='ltr'><strong>Dc</strong></span> <span class='ocrx_word' id='word_1_166' title='bbox 322 1889 371 1955; x_wconf 90' lang='lat' dir='ltr'><strong>his</strong></span> <span class='ocrx_word' id='word_1_167' title='bbox 408 1899 513 1956; x_wconf 89' lang='lat' dir='ltr'><strong>tamen</strong></span> <span class='ocrx_word' id='word_1_168' title='bbox 542 1889 726 1959; x_wconf 77' lang='lat' dir='ltr'><strong>Macrobius</strong></span> <span class='ocrx_word' id='word_1_169' title='bbox 756 1890 916 1978; x_wconf 89' lang='lat' dir='ltr'><strong>aliquanto</strong></span> <span class='ocrx_word' id='word_1_170' title='bbox 952 1889 1106 1957; x_wconf 85' lang='lat' dir='ltr'><strong>dissentit.</strong></span> <span class='ocrx_word' id='word_1_171' title='bbox 1160 1889 1212 1957; x_wconf 80' lang='lat' dir='ltr'><strong>Ait</strong></span> 
     </span>
     <span class='ocr_line' id='line_1_21' title="bbox 78 1971 1254 2063; baseline 0.003 -23"><span class='ocrx_word' id='word_1_172' title='bbox 78 1973 163 2041; x_wconf 92' lang='lat' dir='ltr'><strong>enim</strong></span> <span class='ocrx_word' id='word_1_173' title='bbox 178 1973 273 2062; x_wconf 85' lang='lat' dir='ltr'><strong>juxta</strong></span> <span class='ocrx_word' id='word_1_174' title='bbox 292 1971 448 2062; x_wconf 89' lang='lat' dir='ltr'><strong>quosdam</strong></span> <span class='ocrx_word' id='word_1_175' title='bbox 475 1973 698 2063; x_wconf 88' lang='lat' dir='ltr'><strong>philosophos,</strong></span> <span class='ocrx_word' id='word_1_176' title='bbox 730 1976 885 2043; x_wconf 84' lang='lat' dir='ltr'><strong>vulturem</strong></span> <span class='ocrx_word' id='word_1_177' title='bbox 912 1973 1006 2062; x_wconf 88' lang='lat' dir='ltr'><strong>jecur</strong></span> <span class='ocrx_word' id='word_1_178' title='bbox 1036 1973 1254 2043; x_wconf 69' lang='lat' dir='ltr'><strong>immortalem</strong></span> 
     </span>
    </p>
   </div>
   <div class='ocr_carea' id='block_1_3' title="bbox 77 2058 1214 2382">
    <p class='ocr_par' dir='ltr' id='par_1_3' title="bbox 77 2058 1214 2382">
     <span class='ocr_line' id='line_1_22' title="bbox 77 2058 1213 2148; baseline -0.003 -20"><span class='ocrx_word' id='word_1_179' title='bbox 77 2058 266 2128; x_wconf 88' lang='lat' dir='ltr'><strong>tondentem</strong></span> <span class='ocrx_word' id='word_1_180' title='bbox 288 2081 406 2147; x_wconf 83' lang='lat' dir='ltr'><strong>pravae</strong></span> <span class='ocrx_word' id='word_1_181' title='bbox 428 2058 643 2128; x_wconf 84' lang='lat' dir='ltr'><strong>conscientiae</strong></span> <span class='ocrx_word' id='word_1_182' title='bbox 663 2083 735 2129; x_wconf 86' lang='lat' dir='ltr'><strong>sese</strong></span> <span class='ocrx_word' id='word_1_183' title='bbox 767 2063 874 2148; x_wconf 81' lang='lat' dir='ltr'><strong>ugiter</strong></span> <span class='ocrx_word' id='word_1_184' title='bbox 895 2061 1072 2128; x_wconf 88' lang='lat' dir='ltr'><strong>damnantis</strong></span> <span class='ocrx_word' id='word_1_185' title='bbox 1091 2060 1213 2146; x_wconf 67' lang='lat' dir='ltr'><strong>siguin</strong></span> 
     </span>
     <span class='ocr_line' id='line_1_23' title="bbox 78 2085 1214 2237; baseline -0.003 -25"><span class='ocrx_word' id='word_1_186' title='bbox 78 2167 160 2212; x_wconf 87' lang='lat' dir='ltr'><strong>care·</strong></span> <span class='ocrx_word' id='word_1_187' title='bbox 177 2156 336 2221; x_wconf 86' lang='lat' dir='ltr'><strong>tormenta</strong></span> <span class='ocrx_word' id='word_1_188' title='bbox 357 2144 431 2232; x_wconf 79' lang='lat' dir='ltr'><strong>lege</strong></span> <span class='ocrx_word' id='word_1_189' title='bbox 449 2144 531 2227; x_wconf 88' lang='lat' dir='ltr'><strong>hac,</strong></span> <span class='ocrx_word' id='word_1_190' title='bbox 567 2168 631 2234; x_wconf 92' lang='lat' dir='ltr'><strong>qna</strong></span> <span class='ocrx_word' id='word_1_191' title='bbox 651 2170 688 2215; x_wconf 88' lang='lat' dir='ltr'><strong>se</strong></span> <span class='ocrx_word' id='word_1_192' title='bbox 703 2085 815 2237; x_wconf 80' lang='lat' dir='ltr'><strong>jurlico</strong></span> <span class='ocrx_word' id='word_1_193' title='bbox 844 2167 939 2212; x_wconf 90' lang='lat' dir='ltr'><strong>nemo</strong></span> <span class='ocrx_word' id='word_1_194' title='bbox 958 2162 1079 2236; x_wconf 87' lang='lat' dir='ltr'><strong>nocens</strong></span> <span class='ocrx_word' id='word_1_195' title='bbox 1110 2143 1214 2211; x_wconf 89' lang='lat' dir='ltr'><strong>ahsol-</strong></span> 
     </span>
     <span class='ocr_line' id='line_1_24' title="bbox 79 2229 1214 2382; baseline -0.001 -86"><span class='ocrx_word' id='word_1_196' title='bbox 79 2231 181 2312; x_wconf 77' lang='lat' dir='ltr'><strong>nitur,</strong></span> <span class='ocrx_word' id='word_1_197' title='bbox 217 2252 280 2297; x_wconf 90' lang='lat' dir='ltr'><strong>nec</strong></span> <span class='ocrx_word' id='word_1_198' title='bbox 299 2229 341 2295; x_wconf 89' lang='lat' dir='ltr'><strong>de</strong></span> <span class='ocrx_word' id='word_1_199' title='bbox 371 2252 408 2296; x_wconf 89' lang='lat' dir='ltr'><strong>se</strong></span> <span class='ocrx_word' id='word_1_200' title='bbox 428 2252 520 2298; x_wconf 88' lang='lat' dir='ltr'><strong>snam</strong></span> <span class='ocrx_word' id='word_1_201' title='bbox 534 2243 649 2382; x_wconf 82' lang='lat' dir='ltr'><strong>potest</strong></span> <span class='ocrx_word' id='word_1_202' title='bbox 670 2233 768 2303; x_wconf 75' lang='lat' dir='ltr'><strong>,vitare</strong></span> <span class='ocrx_word' id='word_1_203' title='bbox 795 2231 994 2300; x_wconf 89' lang='lat' dir='ltr'><strong>sententiam.</strong></span> <span class='ocrx_word' id='word_1_204' title='bbox 1044 2232 1111 2312; x_wconf 80' lang='lat' dir='ltr'><strong>hit,</strong></span> <span class='ocrx_word' id='word_1_205' title='bbox 1147 2229 1214 2295; x_wconf 88' lang='lat' dir='ltr'><strong>illos</strong></span> 
     </span>
    </p>
   </div>
   <div class='ocr_carea' id='block_1_4' title="bbox 49 2304 1265 4282">
    <p class='ocr_par' dir='ltr' id='par_1_4' title="bbox 66 2304 1259 2661">
     <span class='ocr_line' id='line_1_25' title="bbox 79 2304 1215 2406; baseline -0.003 -23"><span class='ocrx_word' id='word_1_206' title='bbox 79 2314 182 2383; x_wconf 87' lang='lat' dir='ltr'><strong>radiis</strong></span> <span class='ocrx_word' id='word_1_207' title='bbox 198 2329 340 2383; x_wconf 85' lang='lat' dir='ltr'><strong>rotarum</strong></span> <span class='ocrx_word' id='word_1_208' title='bbox 361 2313 503 2402; x_wconf 87' lang='lat' dir='ltr'><strong>pendere</strong></span> <span class='ocrx_word' id='word_1_209' title='bbox 557 2304 712 2400; x_wconf 70' lang='lat' dir='ltr'><strong>isfflctoa,</strong></span> <span class='ocrx_word' id='word_1_210' title='bbox 756 2318 811 2406; x_wconf 92' lang='lat' dir='ltr'><strong>qui</strong></span> <span class='ocrx_word' id='word_1_211' title='bbox 838 2315 912 2383; x_wconf 81' lang='lat' dir='ltr'><strong>nihil</strong></span> <span class='ocrx_word' id='word_1_212' title='bbox 942 2315 1071 2382; x_wconf 90' lang='lat' dir='ltr'><strong>consiho</strong></span> <span class='ocrx_word' id='word_1_213' title='bbox 1092 2315 1215 2403; x_wconf 84' lang='lat' dir='ltr'><strong>praeri-</strong></span> 
     </span>
     <span class='ocr_line' id='line_1_26' title="bbox 66 2399 1259 2490; baseline 0.002 -24"><span class='ocrx_word' id='word_1_214' title='bbox 66 2399 214 2482; x_wconf 82' lang='lat' dir='ltr'><strong>,dentes,</strong></span> <span class='ocrx_word' id='word_1_215' title='bbox 245 2399 319 2466; x_wconf 91' lang='lat' dir='ltr'><strong>nihil</strong></span> <span class='ocrx_word' id='word_1_216' title='bbox 339 2401 461 2467; x_wconf 90' lang='lat' dir='ltr'><strong>ratione</strong></span> <span class='ocrx_word' id='word_1_217' title='bbox 483 2401 703 2486; x_wconf 82' lang='lat' dir='ltr'><strong>moderantes,</strong></span> <span class='ocrx_word' id='word_1_218' title='bbox 730 2403 803 2470; x_wconf 90' lang='lat' dir='ltr'><strong>nihil</strong></span> <span class='ocrx_word' id='word_1_219' title='bbox 823 2401 988 2470; x_wconf 66' lang='lat' dir='ltr'><strong>sirtuthus</strong></span> <span class='ocrx_word' id='word_1_220' title='bbox 1010 2401 1259 2490; x_wconf 76' lang='lat' dir='ltr'><strong>explicantes,aa</strong></span> 
     </span>
     <span class='ocr_line' id='line_1_27' title="bbox 79 2485 1216 2591; baseline -0.003 -38"><span class='ocrx_word' id='word_1_221' title='bbox 79 2505 118 2553; x_wconf 86' lang='lat' dir='ltr'><strong>se</strong></span> <span class='ocrx_word' id='word_1_222' title='bbox 143 2496 176 2552; x_wconf 90' lang='lat' dir='ltr'><strong>et</strong></span> <span class='ocrx_word' id='word_1_223' title='bbox 195 2499 286 2553; x_wconf 88' lang='lat' dir='ltr'><strong>actus</strong></span> <span class='ocrx_word' id='word_1_224' title='bbox 307 2508 383 2552; x_wconf 89' lang='lat' dir='ltr'><strong>suos</strong></span> <span class='ocrx_word' id='word_1_225' title='bbox 404 2508 515 2554; x_wconf 87' lang='lat' dir='ltr'><strong>omnes</strong></span> <span class='ocrx_word' id='word_1_226' title='bbox 538 2488 684 2556; x_wconf 80' lang='lat' dir='ltr'><strong>fortunae</strong></span> <span class='ocrx_word' id='word_1_227' title='bbox 704 2490 905 2591; x_wconf 88' lang='lat' dir='ltr'><strong>permittunt,</strong></span> <span class='ocrx_word' id='word_1_228' title='bbox 939 2485 1128 2589; x_wconf 77' lang='lat' dir='ltr'><strong>casibusque</strong></span> <span class='ocrx_word' id='word_1_229' title='bbox 1151 2486 1216 2551; x_wconf 87' lang='lat' dir='ltr'><strong>lor·</strong></span> 
     </span>
     <span class='ocr_line' id='line_1_28' title="bbox 79 2570 1217 2661; baseline -0.001 -23"><span class='ocrx_word' id='word_1_230' title='bbox 79 2570 169 2638; x_wconf 85' lang='lat' dir='ltr'><strong>tultis</strong></span> <span class='ocrx_word' id='word_1_231' title='bbox 189 2592 316 2659; x_wconf 87' lang='lat' dir='ltr'><strong>semper</strong></span> <span class='ocrx_word' id='word_1_232' title='bbox 336 2581 490 2639; x_wconf 77' lang='lat' dir='ltr'><strong>rotantun</strong></span> <span class='ocrx_word' id='word_1_233' title='bbox 539 2572 762 2642; x_wconf 82' lang='lat' dir='ltr'><strong>Saxum-droit</strong></span> <span class='ocrx_word' id='word_1_234' title='bbox 790 2574 904 2661; x_wconf 80' lang='lat' dir='ltr'><strong>ingens</strong></span> <span class='ocrx_word' id='word_1_235' title='bbox 924 2570 1049 2637; x_wconf 77' lang='lat' dir='ltr'><strong>volvem</strong></span> <span class='ocrx_word' id='word_1_236' title='bbox 1073 2571 1217 2637; x_wconf 86' lang='lat' dir='ltr'><strong>mellica-</strong></span> 
     </span>
    </p>

    <p class='ocr_par' dir='ltr' id='par_1_5' title="bbox 49 2640 1262 3257">
     <span class='ocr_line' id='line_1_29' title="bbox 49 2640 1231 2745; baseline 0 -24"><span class='ocrx_word' id='word_1_237' title='bbox 49 2686 52 2691; x_wconf 95' lang='lat'>·</span> <span class='ocrx_word' id='word_1_238' title='bbox 80 2640 174 2722; x_wconf 78' lang='lat' dir='ltr'><strong>oibu&#39;s</strong></span> <span class='ocrx_word' id='word_1_239' title='bbox 200 2656 431 2745; x_wconf 84' lang='lat' dir='ltr'><strong>laboriosisque</strong></span> <span class='ocrx_word' id='word_1_240' title='bbox 459 2658 624 2726; x_wconf 88' lang='lat' dir='ltr'><strong>conatibus</strong></span> <span class='ocrx_word' id='word_1_241' title='bbox 659 2660 754 2726; x_wconf 83' lang='lat' dir='ltr'><strong>vitam</strong></span> <span class='ocrx_word' id='word_1_242' title='bbox 785 2669 935 2728; x_wconf 86' lang='lat' dir='ltr'><strong>terentes.</strong></span> <span class='ocrx_word' id='word_1_243' title='bbox 1002 2656 1090 2725; x_wconf 89' lang='lat' dir='ltr'><strong>Dicit</strong></span> <span class='ocrx_word' id='word_1_244' title='bbox 1120 2657 1231 2723; x_wconf 52' lang='lat' dir='ltr'><strong>ethna,</strong></span> 
     </span>
     <span class='ocr_line' id='line_1_30' title="bbox 80 2734 1216 2832; baseline -0.002 -24"><span class='ocrx_word' id='word_1_245' title='bbox 80 2753 188 2810; x_wconf 85' lang='lat' dir='ltr'><strong>atrum</strong></span> <span class='ocrx_word' id='word_1_246' title='bbox 218 2742 337 2809; x_wconf 73' lang='lat' dir='ltr'><strong>silicun</strong></span> <span class='ocrx_word' id='word_1_247' title='bbox 369 2765 496 2831; x_wconf 87' lang='lat' dir='ltr'><strong>semper</strong></span> <span class='ocrx_word' id='word_1_248' title='bbox 526 2743 688 2832; x_wconf 87' lang='lat' dir='ltr'><strong>lapsurum</strong></span> <span class='ocrx_word' id='word_1_249' title='bbox 719 2756 752 2812; x_wconf 89' lang='lat' dir='ltr'><strong>et</strong></span> <span class='ocrx_word' id='word_1_250' title='bbox 780 2743 907 2812; x_wconf 84' lang='lat' dir='ltr'><strong>cadenti</strong></span> <span class='ocrx_word' id='word_1_251' title='bbox 936 2734 1066 2809; x_wconf 87' lang='lat' dir='ltr'><strong>similem</strong></span> <span class='ocrx_word' id='word_1_252' title='bbox 1094 2740 1216 2818; x_wconf 89' lang='lat' dir='ltr'><strong>illorum</strong></span> 
     </span>
     <span class='ocr_line' id='line_1_31' title="bbox 80 2825 1262 2932; baseline 0.001 -37"><span class='ocrx_word' id='word_1_253' title='bbox 80 2826 241 2917; x_wconf 75' lang='lat' dir='ltr'><strong>capitibus</strong></span> <span class='ocrx_word' id='word_1_254' title='bbox 260 2827 441 2903; x_wconf 88' lang='lat' dir='ltr'><strong>imminere,</strong></span> <span class='ocrx_word' id='word_1_255' title='bbox 461 2828 515 2918; x_wconf 91' lang='lat' dir='ltr'><strong>qni</strong></span> <span class='ocrx_word' id='word_1_256' title='bbox 535 2853 662 2918; x_wconf 86' lang='lat' dir='ltr'><strong>semper</strong></span> <span class='ocrx_word' id='word_1_257' title='bbox 681 2829 855 2932; x_wconf 69' lang='lat' dir='ltr'><strong>dignitates</strong></span> <span class='ocrx_word' id='word_1_258' title='bbox 875 2841 909 2898; x_wconf 92' lang='lat' dir='ltr'><strong>et</strong></span> <span class='ocrx_word' id='word_1_259' title='bbox 929 2825 1047 2893; x_wconf 86' lang='lat' dir='ltr'><strong>arduas</strong></span> <span class='ocrx_word' id='word_1_260' title='bbox 1065 2829 1262 2896; x_wconf 76' lang='lat' dir='ltr'><strong>affectanter</strong></span> 
     </span>
     <span class='ocr_line' id='line_1_32' title="bbox 79 2911 1247 3015; baseline -0.002 -36"><span class='ocrx_word' id='word_1_261' title='bbox 79 2921 258 3015; x_wconf 79' lang='lat' dir='ltr'><strong>potestates</strong></span> <span class='ocrx_word' id='word_1_262' title='bbox 280 2935 451 3000; x_wconf 86' lang='lat' dir='ltr'><strong>numquam</strong></span> <span class='ocrx_word' id='word_1_263' title='bbox 481 2915 549 2981; x_wconf 90' lang='lat' dir='ltr'><strong>sine</strong></span> <span class='ocrx_word' id='word_1_264' title='bbox 572 2915 687 2983; x_wconf 89' lang='lat' dir='ltr'><strong>timore</strong></span> <span class='ocrx_word' id='word_1_265' title='bbox 707 2918 839 2998; x_wconf 65' lang='lat' dir='ltr'><strong>victuri}</strong></span> <span class='ocrx_word' id='word_1_266' title='bbox 875 2911 928 3004; x_wconf 92' lang='lat' dir='ltr'><strong>qui</strong></span> <span class='ocrx_word' id='word_1_267' title='bbox 955 2923 1113 3014; x_wconf 70' lang='lat' dir='ltr'><strong>cogentes</strong></span> <span class='ocrx_word' id='word_1_268' title='bbox 1142 2913 1247 2980; x_wconf 85' lang='lat' dir='ltr'><strong>sub--</strong></span> 
     </span>
     <span class='ocr_line' id='line_1_33' title="bbox 75 2995 1245 3088; baseline 0 -25"><span class='ocrx_word' id='word_1_269' title='bbox 75 3007 202 3086; x_wconf 72' lang='lat' dir='ltr'><strong>pecmrn</strong></span> <span class='ocrx_word' id='word_1_270' title='bbox 222 2995 335 3085; x_wconf 75' lang='lat' dir='ltr'><strong>vulgus</strong></span> <span class='ocrx_word' id='word_1_271' title='bbox 356 2997 462 3066; x_wconf 89' lang='lat' dir='ltr'><strong>odisse</strong></span> <span class='ocrx_word' id='word_1_272' title='bbox 482 3022 519 3066; x_wconf 90' lang='lat' dir='ltr'><strong>ee</strong></span> <span class='ocrx_word' id='word_1_273' title='bbox 546 2997 623 3066; x_wconf 91' lang='lat' dir='ltr'><strong>dum</strong></span> <span class='ocrx_word' id='word_1_274' title='bbox 644 3011 807 3080; x_wconf 82' lang='lat' dir='ltr'><strong>metuunt,</strong></span> <span class='ocrx_word' id='word_1_275' title='bbox 835 3015 961 3088; x_wconf 82' lang='lat' dir='ltr'><strong>seraper</strong></span> <span class='ocrx_word' id='word_1_276' title='bbox 987 2998 1047 3063; x_wconf 78' lang='lat' dir='ltr'><strong>sabi</strong></span> <span class='ocrx_word' id='word_1_277' title='bbox 1073 2996 1245 3073; x_wconf 82' lang='lat' dir='ltr'><strong>videntur,</strong></span> 
     </span>
     <span class='ocr_line' id='line_1_34' title="bbox 80 3081 1220 3173; baseline -0.001 -24"><span class='ocrx_word' id='word_1_278' title='bbox 80 3082 223 3165; x_wconf 82' lang='lat' dir='ltr'><strong>exitium,</strong></span> <span class='ocrx_word' id='word_1_279' title='bbox 250 3082 339 3171; x_wconf 88' lang='lat' dir='ltr'><strong>quod</strong></span> <span class='ocrx_word' id='word_1_280' title='bbox 361 3093 541 3164; x_wconf 89' lang='lat' dir='ltr'><strong>merentur,</strong></span> <span class='ocrx_word' id='word_1_281' title='bbox 561 3085 721 3173; x_wconf 86' lang='lat' dir='ltr'><strong>excipere.</strong></span> <span class='ocrx_word' id='word_1_282' title='bbox 763 3085 849 3152; x_wconf 88' lang='lat' dir='ltr'><strong>Nam</strong></span> <span class='ocrx_word' id='word_1_283' title='bbox 870 3083 912 3150; x_wconf 88' lang='lat' dir='ltr'><strong>de</strong></span> <span class='ocrx_word' id='word_1_284' title='bbox 931 3081 1132 3164; x_wconf 77' lang='lat' dir='ltr'><strong>acheronte,</strong></span> <span class='ocrx_word' id='word_1_285' title='bbox 1152 3084 1220 3149; x_wconf 82' lang='lat'><strong>00-</strong></span> 
     </span>
     <span class='ocr_line' id='line_1_35' title="bbox 81 3168 1136 3257; baseline 0.004 -23"><span class='ocrx_word' id='word_1_286' title='bbox 81 3178 161 3257; x_wconf 81' lang='lat' dir='ltr'><strong>cyto</strong></span> <span class='ocrx_word' id='word_1_287' title='bbox 180 3179 214 3234; x_wconf 91' lang='lat' dir='ltr'><strong>et</strong></span> <span class='ocrx_word' id='word_1_288' title='bbox 233 3168 293 3256; x_wconf 85' lang='lat' dir='ltr'><strong>Sty</strong></span> <span class='ocrx_word' id='word_1_289' title='bbox 319 3187 433 3234; x_wconf 89' lang='lat' dir='ltr'><strong>ecum</strong></span> <span class='ocrx_word' id='word_1_290' title='bbox 452 3168 607 3237; x_wconf 66' lang='lat' dir='ltr'><strong>Lummio</strong></span> <span class='ocrx_word' id='word_1_291' title='bbox 627 3172 704 3239; x_wconf 91' lang='lat' dir='ltr'><strong>satis</strong></span> <span class='ocrx_word' id='word_1_292' title='bbox 723 3168 810 3238; x_wconf 87' lang='lat' dir='ltr'><strong>idem</strong></span> <span class='ocrx_word' id='word_1_293' title='bbox 833 3170 938 3238; x_wconf 67' lang='lat' dir='ltr'><strong>matie</strong></span> <span class='ocrx_word' id='word_1_294' title='bbox 1037 3250 1039 3255; x_wconf 23' lang='grc' dir='ltr'>Ι</span> <span class='ocrx_word' id='word_1_295' title='bbox 1132 3238 1136 3247; x_wconf 81' lang='grc'>,</span> 
     </span>
    </p>

    <p class='ocr_par' dir='ltr' id='par_1_6' title="bbox 80 3240 1265 4282">
     <span class='ocr_line' id='line_1_36' title="bbox 166 3240 1261 3346; baseline -0.001 -28"><span class='ocrx_word' id='word_1_296' title='bbox 166 3254 198 3318; x_wconf 79' lang='grc'><strong>7.</strong></span> <span class='ocrx_word' id='word_1_297' title='bbox 238 3253 303 3322; x_wconf 87' lang='lat' dir='ltr'><strong>Let</strong></span> <span class='ocrx_word' id='word_1_298' title='bbox 346 3274 420 3319; x_wconf 90' lang='lat' dir='ltr'><strong>eum</strong></span> <span class='ocrx_word' id='word_1_299' title='bbox 448 3276 525 3321; x_wconf 83' lang='lat' dir='ltr'><strong>vero</strong></span> <span class='ocrx_word' id='word_1_300' title='bbox 548 3251 697 3338; x_wconf 83' lang='lat' dir='ltr'><strong>flurium,</strong></span> <span class='ocrx_word' id='word_1_301' title='bbox 737 3257 792 3346; x_wconf 85' lang='lat' dir='ltr'><strong>qui</strong></span> <span class='ocrx_word' id='word_1_302' title='bbox 826 3252 970 3333; x_wconf 81' lang='lat' dir='ltr'><strong>oblivio,</strong></span> <span class='ocrx_word' id='word_1_303' title='bbox 1005 3259 1043 3318; x_wconf 87' lang='lat' dir='ltr'><strong>nt</strong></span> <span class='ocrx_word' id='word_1_304' title='bbox 1070 3240 1261 3330; x_wconf 66' lang='lat' dir='ltr'><strong>dirimente</strong></span> 
     </span>
     <span class='ocr_line' id='line_1_37' title="bbox 80 3335 1220 3439; baseline -0.004 -35"><span class='ocrx_word' id='word_1_305' title='bbox 80 3336 326 3439; x_wconf 85' lang='lat' dir='ltr'><strong>interpretatur,</strong></span> <span class='ocrx_word' id='word_1_306' title='bbox 356 3337 431 3405; x_wconf 92' lang='lat' dir='ltr'><strong>nihil</strong></span> <span class='ocrx_word' id='word_1_307' title='bbox 451 3338 539 3407; x_wconf 85' lang='lat' dir='ltr'><strong>aliud</strong></span> <span class='ocrx_word' id='word_1_308' title='bbox 559 3338 624 3408; x_wconf 86' lang='lat' dir='ltr'><strong>dici</strong></span> <span class='ocrx_word' id='word_1_309' title='bbox 642 3341 758 3424; x_wconf 90' lang='lat' dir='ltr'><strong>innuit,</strong></span> <span class='ocrx_word' id='word_1_310' title='bbox 793 3360 889 3430; x_wconf 85' lang='lat' dir='ltr'><strong>qnam</strong></span> <span class='ocrx_word' id='word_1_311' title='bbox 915 3358 1057 3404; x_wconf 90' lang='lat' dir='ltr'><strong>errorem</strong></span> <span class='ocrx_word' id='word_1_312' title='bbox 1085 3335 1220 3415; x_wconf 87' lang='lat' dir='ltr'><strong>animae,</strong></span> 
     </span>
     <span class='ocr_line' id='line_1_38' title="bbox 82 3419 1222 3514; baseline -0.003 -25"><span class='ocrx_word' id='word_1_313' title='bbox 82 3421 294 3492; x_wconf 73' lang='lat' dir='ltr'><strong>obliviscentis</strong></span> <span class='ocrx_word' id='word_1_314' title='bbox 316 3423 514 3514; x_wconf 83' lang='lat' dir='ltr'><strong>majestatem</strong></span> <span class='ocrx_word' id='word_1_315' title='bbox 528 3427 652 3514; x_wconf 86' lang='lat' dir='ltr'><strong>prioris</strong></span> <span class='ocrx_word' id='word_1_316' title='bbox 668 3428 768 3500; x_wconf 83' lang='lat' dir='ltr'><strong>ritae,-</strong></span> <span class='ocrx_word' id='word_1_317' title='bbox 807 3442 904 3513; x_wconf 84' lang='lat' dir='ltr'><strong>quam</strong></span> <span class='ocrx_word' id='word_1_318' title='bbox 922 3420 1099 3490; x_wconf 72' lang='lat' dir='ltr'><strong>mundum</strong></span> <span class='ocrx_word' id='word_1_319' title='bbox 1119 3419 1222 3508; x_wconf 66' lang='lat' dir='ltr'><strong>pnite</strong></span> 
     </span>
     <span class='ocr_line' id='line_1_39' title="bbox 81 3507 1221 3612; baseline -0.003 -38"><span class='ocrx_word' id='word_1_320' title='bbox 81 3507 204 3595; x_wconf 82' lang='lat' dir='ltr'><strong>sophos</strong></span> <span class='ocrx_word' id='word_1_321' title='bbox 225 3520 395 3612; x_wconf 86' lang='lat' dir='ltr'><strong>antequam</strong></span> <span class='ocrx_word' id='word_1_322' title='bbox 414 3510 447 3576; x_wconf 91' lang='lat' dir='ltr'><strong>in</strong></span> <span class='ocrx_word' id='word_1_323' title='bbox 468 3532 587 3599; x_wconf 90' lang='lat' dir='ltr'><strong>corpus</strong></span> <span class='ocrx_word' id='word_1_324' title='bbox 607 3510 817 3594; x_wconf 82' lang='lat' dir='ltr'><strong>truderetur,</strong></span> <span class='ocrx_word' id='word_1_325' title='bbox 836 3510 937 3597; x_wconf 84' lang='lat' dir='ltr'><strong>potita</strong></span> <span class='ocrx_word' id='word_1_326' title='bbox 962 3515 1032 3585; x_wconf 78' lang='lat' dir='ltr'><strong>cst,</strong></span> <span class='ocrx_word' id='word_1_327' title='bbox 1057 3515 1092 3571; x_wconf 92' lang='lat' dir='ltr'><strong>et</strong></span> <span class='ocrx_word' id='word_1_328' title='bbox 1113 3517 1221 3573; x_wconf 69' lang='lat' dir='ltr'><strong>nmen</strong></span> 
     </span>
     <span class='ocr_line' id='line_1_40' title="bbox 80 3590 1220 3686; baseline -0.004 -25"><span class='ocrx_word' id='word_1_329' title='bbox 80 3593 118 3684; x_wconf 88' lang='lat' dir='ltr'><strong>in</strong></span> <span class='ocrx_word' id='word_1_330' title='bbox 138 3615 276 3682; x_wconf 80' lang='lat' dir='ltr'><strong>corpore</strong></span> <span class='ocrx_word' id='word_1_331' title='bbox 295 3607 390 3663; x_wconf 80' lang='lat' dir='ltr'><strong>nram</strong></span> <span class='ocrx_word' id='word_1_332' title='bbox 410 3617 481 3663; x_wconf 91' lang='lat' dir='ltr'><strong>esse</strong></span> <span class='ocrx_word' id='word_1_333' title='bbox 501 3596 652 3686; x_wconf 61' lang='lat' dir='ltr'><strong>putantis,</strong></span> <span class='ocrx_word' id='word_1_334' title='bbox 701 3595 760 3663; x_wconf 77' lang='lat' dir='ltr'><strong>abt</strong></span> <span class='ocrx_word' id='word_1_335' title='bbox 787 3605 895 3673; x_wconf 83' lang='lat' dir='ltr'><strong>tamen</strong></span> <span class='ocrx_word' id='word_1_336' title='bbox 922 3610 1062 3679; x_wconf 67' lang='lat' dir='ltr'><strong>magnae·</strong></span> <span class='ocrx_word' id='word_1_337' title='bbox 1082 3590 1220 3659; x_wconf 85' lang='lat' dir='ltr'><strong>auctori-</strong></span> 
     </span>
     <span class='ocr_line' id='line_1_41' title="bbox 81 3673 1265 3770; baseline 0 -24"><span class='ocrx_word' id='word_1_338' title='bbox 81 3676 159 3746; x_wconf 82' lang='lat' dir='ltr'><strong>tetis</strong></span> <span class='ocrx_word' id='word_1_339' title='bbox 186 3691 219 3748; x_wconf 92' lang='lat' dir='ltr'><strong>et</strong></span> <span class='ocrx_word' id='word_1_340' title='bbox 240 3681 412 3747; x_wconf 89' lang='lat' dir='ltr'><strong>memoriae</strong></span> <span class='ocrx_word' id='word_1_341' title='bbox 430 3673 504 3762; x_wconf 83' lang='lat' dir='ltr'><strong>riri,</strong></span> <span class='ocrx_word' id='word_1_342' title='bbox 530 3682 588 3770; x_wconf 85' lang='lat' dir='ltr'><strong>qni</strong></span> <span class='ocrx_word' id='word_1_343' title='bbox 605 3681 650 3746; x_wconf 89' lang='lat' dir='ltr'><strong>de</strong></span> <span class='ocrx_word' id='word_1_344' title='bbox 668 3677 818 3751; x_wconf 77' lang='lat' dir='ltr'><strong>hethaeo</strong></span> <span class='ocrx_word' id='word_1_345' title='bbox 835 3677 951 3753; x_wconf 60' lang='lat' dir='ltr'><strong>llario-1</strong></span> <span class='ocrx_word' id='word_1_346' title='bbox 969 3687 1078 3753; x_wconf 78' lang='lat' dir='ltr'><strong>utrem</strong></span> <span class='ocrx_word' id='word_1_347' title='bbox 1098 3674 1142 3743; x_wconf 88' lang='lat' dir='ltr'><strong>da</strong></span> <span class='ocrx_word' id='word_1_348' title='bbox 1160 3676 1265 3746; x_wconf 75' lang='lat' dir='ltr'><strong>illisae</strong></span> 
     </span>
     <span class='ocr_line' id='line_1_42' title="bbox 80 3762 1220 3852; baseline 0.002 -23"><span class='ocrx_word' id='word_1_349' title='bbox 80 3762 134 3829; x_wconf 82' lang='lat' dir='ltr'><strong>lx</strong></span> <span class='ocrx_word' id='word_1_350' title='bbox 154 3763 279 3833; x_wconf 81' lang='lat' dir='ltr'><strong>circulis</strong></span> <span class='ocrx_word' id='word_1_351' title='bbox 299 3765 418 3833; x_wconf 84' lang='lat' dir='ltr'><strong>inferos</strong></span> <span class='ocrx_word' id='word_1_352' title='bbox 440 3765 707 3834; x_wconf 84' lang='lat' dir='ltr'><strong>circumeuntibus</strong></span> <span class='ocrx_word' id='word_1_353' title='bbox 730 3776 835 3844; x_wconf 81' lang='lat' dir='ltr'><strong>esset,</strong></span> <span class='ocrx_word' id='word_1_354' title='bbox 856 3764 1105 3852; x_wconf 81' lang='lat' dir='ltr'><strong>disputaverant,</strong></span> <span class='ocrx_word' id='word_1_355' title='bbox 1123 3773 1158 3829; x_wconf 88' lang='lat' dir='ltr'><strong>et</strong></span> <span class='ocrx_word' id='word_1_356' title='bbox 1179 3765 1220 3831; x_wconf 84' lang='lat' dir='ltr'><strong>ab</strong></span> 
     </span>
     <span class='ocr_line' id='line_1_43' title="bbox 82 3846 1224 3938; baseline 0 -25"><span class='ocrx_word' id='word_1_357' title='bbox 82 3847 143 3915; x_wconf 80' lang='lat' dir='ltr'><strong>illas</strong></span> <span class='ocrx_word' id='word_1_358' title='bbox 163 3871 237 3919; x_wconf 89' lang='lat' dir='ltr'><strong>eam</strong></span> <span class='ocrx_word' id='word_1_359' title='bbox 257 3861 526 3938; x_wconf 78' lang='lat' dir='ltr'><strong>segregaverunt,</strong></span> <span class='ocrx_word' id='word_1_360' title='bbox 561 3852 742 3920; x_wconf 80' lang='lat' dir='ltr'><strong>Lethaeum</strong></span> <span class='ocrx_word' id='word_1_361' title='bbox 765 3849 936 3937; x_wconf 78' lang='lat' dir='ltr'><strong>imaginem</strong></span> <span class='ocrx_word' id='word_1_362' title='bbox 957 3846 1133 3915; x_wconf 86' lang='lat' dir='ltr'><strong>senectutis·</strong></span> <span class='ocrx_word' id='word_1_363' title='bbox 1150 3862 1224 3914; x_wconf 83' lang='lat' dir='ltr'><strong>esse</strong></span> 
     </span>
     <span class='ocr_line' id='line_1_44' title="bbox 83 3929 1224 4027; baseline 0.002 -29"><span class='ocrx_word' id='word_1_364' title='bbox 83 3933 201 4003; x_wconf 84' lang='lat' dir='ltr'><strong>volunt</strong></span> <span class='ocrx_word' id='word_1_365' title='bbox 254 3935 339 4003; x_wconf 87' lang='lat' dir='ltr'><strong>Nam</strong></span> <span class='ocrx_word' id='word_1_366' title='bbox 369 3937 511 4015; x_wconf 83' lang='lat' dir='ltr'><strong>animae,</strong></span> <span class='ocrx_word' id='word_1_367' title='bbox 549 3935 710 4027; x_wconf 88' lang='lat' dir='ltr'><strong>inquiunt,-</strong></span> <span class='ocrx_word' id='word_1_368' title='bbox 743 3945 875 4004; x_wconf 85' lang='lat' dir='ltr'><strong>nostrae·</strong></span> <span class='ocrx_word' id='word_1_369' title='bbox 900 3934 1013 4022; x_wconf 76' lang='lat' dir='ltr'><strong>rigent</strong></span> <span class='ocrx_word' id='word_1_370' title='bbox 1037 3943 1072 3998; x_wconf 85' lang='lat' dir='ltr'><strong>et</strong></span> <span class='ocrx_word' id='word_1_371' title='bbox 1099 3929 1224 4000; x_wconf 87' lang='lat' dir='ltr'><strong>alacres</strong></span> 
     </span>
     <span class='ocr_line' id='line_1_45' title="bbox 82 4014 1223 4119; baseline -0.002 -35"><span class='ocrx_word' id='word_1_372' title='bbox 82 4030 161 4087; x_wconf 84' lang='lat' dir='ltr'><strong>sunt</strong></span> <span class='ocrx_word' id='word_1_373' title='bbox 197 4028 231 4088; x_wconf 83' lang='lat' dir='ltr'><strong>at</strong></span> <span class='ocrx_word' id='word_1_374' title='bbox 260 4021 373 4110; x_wconf 89' lang='lat' dir='ltr'><strong>plenae</strong></span> <span class='ocrx_word' id='word_1_375' title='bbox 401 4018 553 4089; x_wconf 85' lang='lat' dir='ltr'><strong>memoria</strong></span> <span class='ocrx_word' id='word_1_376' title='bbox 585 4046 606 4090; x_wconf 85' lang='lat' dir='ltr'><strong>a</strong></span> <span class='ocrx_word' id='word_1_377' title='bbox 632 4021 771 4110; x_wconf 83' lang='lat' dir='ltr'><strong>pueritia</strong></span> <span class='ocrx_word' id='word_1_378' title='bbox 804 4040 905 4109; x_wconf 58' lang='lat' dir='ltr'><strong>nque</strong></span> <span class='ocrx_word' id='word_1_379' title='bbox 932 4017 984 4087; x_wconf 84' lang='lat' dir='ltr'><strong>ad·</strong></span> <span class='ocrx_word' id='word_1_380' title='bbox 997 4014 1151 4119; x_wconf 71' lang='lat' dir='ltr'><strong>qirentarn</strong></span> <span class='ocrx_word' id='word_1_381' title='bbox 1171 4032 1223 4084; x_wconf 78' lang='lat' dir='ltr'><strong>se·-</strong></span> 
     </span>
     <span class='ocr_line' id='line_1_46' title="bbox 82 4100 1261 4177; baseline 0.003 -6"><span class='ocrx_word' id='word_1_382' title='bbox 82 4114 256 4174; x_wconf 71' lang='lat' dir='ltr'><strong>nectntem,</strong></span> <span class='ocrx_word' id='word_1_383' title='bbox 307 4107 429 4176; x_wconf 87' lang='lat' dir='ltr'><strong>Postea</strong></span> <span class='ocrx_word' id='word_1_384' title='bbox 458 4126 539 4175; x_wconf 79' lang='lat' dir='ltr'><strong>vcro</strong></span> <span class='ocrx_word' id='word_1_385' title='bbox 561 4100 595 4175; x_wconf 85' lang='lat' dir='ltr'><strong>in·</strong></span> <span class='ocrx_word' id='word_1_386' title='bbox 621 4107 715 4177; x_wconf 86' lang='lat' dir='ltr'><strong>nimia</strong></span> <span class='ocrx_word' id='word_1_387' title='bbox 742 4118 910 4176; x_wconf 84' lang='lat' dir='ltr'><strong>senectute</strong></span> <span class='ocrx_word' id='word_1_388' title='bbox 937 4122 1040 4172; x_wconf 83' lang='lat' dir='ltr'><strong>omme</strong></span> <span class='ocrx_word' id='word_1_389' title='bbox 1069 4104 1261 4174; x_wconf 70' lang='lat' dir='ltr'><strong>memoriam</strong></span> 
     </span>
     <span class='ocr_line' id='line_1_47' title="bbox 82 4185 1223 4282; baseline 0.005 -25"><span class='ocrx_word' id='word_1_390' title='bbox 82 4185 220 4273; x_wconf 60' lang='lat' dir='ltr'><strong>lebiton</strong></span> <span class='ocrx_word' id='word_1_391' title='bbox 246 4212 310 4280; x_wconf 84' lang='lat' dir='ltr'><strong>qua</strong></span> <span class='ocrx_word' id='word_1_392' title='bbox 329 4190 437 4282; x_wconf 88' lang='lat' dir='ltr'><strong>lapsa,</strong></span> <span class='ocrx_word' id='word_1_393' title='bbox 464 4208 552 4264; x_wconf 78' lang='lat' dir='ltr'><strong>mora</strong></span> <span class='ocrx_word' id='word_1_394' title='bbox 575 4192 753 4265; x_wconf 79' lang='lat' dir='ltr'><strong>intervenit</strong></span> <span class='ocrx_word' id='word_1_395' title='bbox 800 4191 895 4281; x_wconf 65' lang='lat' dir='ltr'><strong>urge</strong></span> <span class='ocrx_word' id='word_1_396' title='bbox 924 4186 1041 4264; x_wconf 77' lang='lat' dir='ltr'><strong>florina</strong></span> <span class='ocrx_word' id='word_1_397' title='bbox 1057 4185 1223 4257; x_wconf 61' lang='lat' dir='ltr'><strong>masas</strong></span> 
     </span>
    </p>
   </div>
   <div class='ocr_carea' id='block_1_5' title="bbox 669 4301 891 4386">
    <p class='ocr_par' dir='ltr' id='par_1_7' title="bbox 669 4301 891 4386">
     <span class='ocr_line' id='line_1_48' title="bbox 669 4301 891 4386; baseline -0.032 -7"><span class='ocrx_word' id='word_1_398' title='bbox 669 4332 673 4379; x_wconf 91' lang='grc'>;</span> <span class='ocrx_word' id='word_1_399' title='bbox 814 4301 891 4386; x_wconf 65' lang='lat' dir='ltr'><strong>‘lb</strong></span> 
     </span>
    </p>
   </div>
   <div class='ocr_carea' id='block_1_6' title="bbox 0 0 1333 4658">
    <p class='ocr_par' dir='ltr' id='par_1_8' title="bbox 0 0 1333 4658">
     <span class='ocr_line' id='line_1_49' title="bbox 0 0 1333 4658; baseline 0 0"><span class='ocrx_word' id='word_1_400' title='bbox 0 0 1333 4658; x_wconf 95' lang='lat' dir='ltr'><strong> </strong></span> 
     </span>
    </p>
   </div>
  </div>
 </body>
</html>
