2632 4658
358 213 367 232 v.
486 185 591 240 oaols
619 177 841 243 nasoniano.
903 263 908 271 .
1083 175 1090 185 ³
1158 188 1223 243 alx

83 367 141 418 tua
163 353 263 428 mirac
285 340 540 440 magnitudinis,
565 318 663 442 qiam
684 352 878 427 Colosseum'
900 344 1092 443 nominant,
1112 352 1220 445 posita
1273 352 1283 371 ’

85 451 162 519 est„
197 437 354 526 Sequitur
374 435 501 520 Delus,
537 462 622 527 quae
652 438 688 505 in
716 440 825 505 medio
856 438 1035 530 Cycladum
1060 445 1148 523 sita,
1184 443 1220 506 in

67 548 153 612 -qua
173 521 295 587 Latona
317 522 413 587 enixa
433 532 484 586 est
495 521 687 611 Apollinem
703 534 741 589 et·
749 524 904 591 Dianam.
948 525 1029 590 Inde
1049 526 1218 610 Tenedus,

85 611 164 674 inde
186 608 337 691 Imbros,
362 631 446 695 qnae
466 607 596 673 Imhrns
616 610 756 675 multam'
771 622 893 677 vestem
924 610 1106 700 leporinam
1120 612 1219 695 eicit,
1266 650 1271 659 ι

96 686 226 783 aropted
242 693 496 759 habundantiam
513 693 702 776 animalium
716 716 803 783 quac
824 696 994 780 iraeadem
1017 699 1092 765 tuit.
1137 698 1218 767 lade

84 721 232 868 boninus
260 779 406 860 adiacet,
435 790 468 843 et
497 777 567 868 ipsa
601 780 764 845 moderata
794 781 861 848 sibi
893 784 1070 867 sufficiens,
1089 794 1138 850 ¹aet
1170 784 1216 848 vi·

83 891 166 968 num
209 865 389 967 piurirnnm
421 864 531 929 ferens
567 862 614 954 ²),
656 864 867 934 Macedoniae
907 869 1007 935 mittit
1046 880 1079 935 et
1113 871 1216 937 Thra·
1277 880 1281 890 “

80 976 155 1034 ,crac
181 975 320 1040 regioni.
391 1012 394 1019 ,
768 954 775 977 ²

156 1074 227 1150 dd.
272 1083 353 1150 Post
374 1082 530 1172 Cycladas
558 1083 688 1150 Cretam
716 1082 863 1150 invenies
881 1073 1025 1151 insulam
1055 1088 1216 1177 magnam,

83 1193 170 1259 quae
191 1179 321 1236 centum
342 1193 483 1241 numero,
509 1169 694 1253 civitatibus
723 1178 834 1235 ornata
857 1170 1029 1254 refertas,
1050 1182 1083 1236 et
1111 1184 1161 1237 est
1181 1173 1217 1237 in
1313 1228 1315 1235 .

84 1255 241 1320 omnihus
264 1255 419 1335 diveafret
437 1255 531 1322 valde
554 1255 735 1337 mirabilis,
757 1263 840 1343 qnae
870 1256 967 1336 etiam
988 1256 1102 1327 ¹vinnm
1118 1259 1217 1348 ,opti-

85 1365 178 1405 mum
198 1343 329 1423 ferens,
351 1341 449 1405 habet
468 1343 558 1406 inter
578 1340 658 1407 alias
679 1341 851 1405 maximam
873 1341 1034 1416 civitatem
1055 1367 1138 1431 quae
1161 1368 1215 1410 vo·
1228 1381 1237 1394 =
1273 1357 1277 1364 '

64 1436 178 1494 [catur
199 1426 366 1530 Gortyna,
396 1427 431 1491 in
503 1450 521 1490 a
553 1436 586 1490 ct
613 1426 797 1507 circenses,
826 1435 860 1490 et
878 1427 942 1507 vili
963 1451 1004 1512 ex
1026 1439 1119 1517 parte
1144 1453 1216 1493 crn-

83 1512 146 1576 diti
169 1536 240 1576 csse
263 1513 427 1589 dicuntur.
512 1512 553 1576 de
582 1509 746 1600 Cythera,
768 1511 976 1601 Zacynthus,
999 1524 1032 1579 ct
1056 1513 1216 1604 Cephalo·
1268 1575 1270 1583 .

82 1599 160 1682 nia,
180 1597 338 1664 habentes
361 1597 587 1686 habundanter
607 1597 715 1664 omnia
738 1596 835 1664 bona.
928 1614 931 1619 ·
1124 1673 1127 1677 ,
1237 1642 1247 1657 ·

168 1731 227 1796 aa.
256 1729 353 1795 ·Post
379 1730 438 1795 has
467 1729 589 1793 etima
613 1729 762 1819 seqnitur
789 1739 822 1794 et
850 1712 1144 1797 maxima'Siciliae
1166 1733 1214 1798 in·
1289 1733 1295 1741 ’

83 1814 187 1900 oula',¹¹
200 1839 284 1906 quae
305 1825 440 1904 prepter
455 1752 651 1879 soiiditater'n
672 1824 777 1879 terrae
811 1815 964 1881 differens
988 1817 1106 1881 ceteris
1127 1818 1218 1906 insu·¹

83 1903 126 1968 lis
149 1900 332 1968 invenitur:
358 1899 460 1964 multa
480 1897 568 1964 enim
597 1911 630 1963 et
649 1923 765 1989 magna
796 1897 883 1965 bona
909 1917 1089 1989 generans,
1113 1903 1215 1968 omni·

82 1990 147 2052 hus
168 1987 287 2052 mittita
320 1986 395 2063 lana
417 2009 570 2087 apioque,
598 1986 784 2067 frumento,
809 1996 842 2049 et
862 1985 1016 2051 iumentis
1028 1987 1214 2068 habundat.

81 2073 192 2138 Habet
211 2082 319 2137 autem
339 2071 483 2135 eruditos
513 2081 546 2135 et
565 2070 681 2138 divites
702 2070 791 2137 viros
811 2094 926 2160 graeco
950 2070 1119 2162 latinoque
1148 2097 1215 2139 scr-

78 2164 193 2235 mone.
223 2156 339 2238 [Inter
364 2165 487 2221 ceteras
518 2180 596 2221 vcro
622 2167 688 2242 tres
719 2156 818 2220 habet
845 2155 1033 2244 sphendidas
1055 2159 1214 2243 civitatee,

84 2242 284 2332 Syracusas,
314 2239 576 2306 PALARMUM
602 2241 653 2331 2),
693 2250 727 2306 et
754 2240 933 2326 Catinam„
959 2241 995 2306 in
1034 2244 1157 2332 quihus
1183 2256 1216 2310 et
1286 2312 1289 2317 ,

83 2328 270 2419 spectacula
294 2327 489 2392 circensium
523 2326 731 2392 exhibentur.
789 2326 899 2394 Habct
929 2337 961 2391 et
992 2340 1136 2394 montem
1157 2331 1216 2433 qui

81 2417 192 2480 Aetna
210 2422 367 2495 vocatur,
391 2412 450 2500 qui
470 2410 586 2476 diebus
606 2436 644 2476 ac
671 2411 825 2478 noctibus
846 2413 985 2495 ardens,
1014 2415 1050 2478 in
1077 2415 1216 2480 circuitu

83 2524 146 2566 suo
174 2498 254 2565 vites
285 2498 423 2588 optimas
450 2497 574 2581 nutrit,
607 2496 690 2587 quic
719 2497 832 2564 vinum
866 2497 1002 2564 bonum⁴
1019 2501 1134 2575 afferre
1169 2501 1216 2566 di-

83 2591 216 2651 cuntur.
265 2592 323 2615 ”⁴
397 2632 494 2651 .,-
966 2612 969 2617 ·
1086 2606 1092 2613 ·
1219 2607 1223 2617 ¹

167 2697 224 2762 43.
247 2696 350 2777 ¹Post
371 2695 517 2762 Siciliam
555 2693 764 2761 Stoechades.
808 2692 939 2775 Deinde
973 2692 1148 2778 Sardinia,
1183 2707 1216 2771 ct

82 2787 156 2871 ipsa
176 2782 338 2861 fructibus
370 2779 566 2848 divitissima¹
584 2791 627 2855 ¹ct
646 2779 825 2866 iumentis,
848 2791 882 2847 et
905 2780 1005 2845 nimis
1031 2780 1213 2871 splendida.

82 2868 214 2936 Deinde
236 2867 405 2933 Britannia
426 2868 534 2933 insula
553 2867 648 2944 valde
668 2867 807 2933 maxima
829 2877 861 2932 et
880 2866 1077 2955 praecipua,
1107 2869 1216 2933 omnia

67 2959 120 3023 -in
142 2953 350 3020 multitudine
371 2954 555 3043 proferens,
575 2951 663 3017 viros
682 2977 815 3043 quoqne
827 2961 1024 3042 pugnatores
1046 2962 1079 3016 ct
1099 2945 1230 3018 fortea'

169 3089 229 3154 dd.
273 3088 317 3154 Et
336 3089 416 3153 haec
449 3088 583 3179 quidem
610 3084 791 3153 secundum
822 3083 1072 3172 possibilitatem
1103 3089 1214 3153 huma·

59 3197 160 3240 nam
183 3174 428 3262 descripsimus.
475 3173 513 3239 si
542 3173 629 3238 enim
662 3171 828 3236 latuerunt
858 3193 920 3235 nos
945 3181 1001 3236 aut
1053 3172 1215 3240 rovinciac

84 3254 150 3324 aut'
162 3259 306 3326 civitates
334 3270 390 3324 aut
422 3258 569 3342 insulae,
591 3282 658 3323 non
678 3255 799 3334 multae
826 3264 863 3319 ut
883 3255 965 3321 mihi
984 3195 1132 3342 vidbtur3
1169 3259 1214 3323 la·
1254 3292 1260 3296 -

83 3356 219 3422 tuerunt
246 3354 354 3409 autem
378 3368 439 3433 pro
460 3369 499 3411 eo
522 3345 611 3433 quod
631 3338 835 3430 impossihile
864 3351 914 3406 est
943 3343 1070 3408 homini
1095 3343 1208 3407 'omnia

81 3452 203 3532 nosse:
242 3430 333 3496 solus
368 3430 455 3502 enim
489 3429 603 3513 Deus,
647 3428 706 3518 qni
741 3426 894 3492 universa
928 3429 1070 3511 creavit,
1107 3439 1218 3518 potest

80 3539 193 3583 omma
217 3539 327 3582 nosse.
365 3560 368 3566 -
508 3534 516 3543 ·

157 3839 188 3906 1)
207 3837 262 3891 Iam
282 3837 341 3892 inde
353 3801 382 3891 ‘a
405 3837 493 3891 troicis
520 3813 693 3906 temporibus,
719 3840 787 3889 teste
808 3801 924 3888 Hodreio
949 3833 1017 3889 iba.
1031 3833 1151 3888 Vlllfin.

156 3931 248 4005 malta
266 3937 325 3992 cod.
343 3937 435 3990 litteris
452 3936 560 4001 magnis.
605 3936 659 3988 Iam
677 3921 739 3988 vcro
761 3931 904 3986 ¹inretianua
922 3929 979 3988 cod.
998 3947 1037 3998 gr.
1054 3933 1099 3989 lat.
1116 3920 1213 3985 memo‘-

81 4015 126 4062 rat
143 4008 248 4075 quidem
265 4011 407 4074 Syracusas
425 4014 452 4059 ct
468 4008 600 4072 Catinam,
624 4007 671 4058 sed
688 4009 865 4060 Fauorinum,
891 4003 1128 4069 seufolormom
1144 4003 1214 4058 silet.

79 4080 145 4146 Ego
169 4081 403 4148 igitutsuspicor,
424 4094 560 4131 cavensem
578 4079 708 4144 antiquum
733 4074 884 4129 monachum
907 4072 1064 4125 Polarmum
1088 4073 1216 4126 addidisse

81 4152 169 4204 codici
193 4165 241 4205 suo
260 4167 336 4217 quem
359 4150 525 4214 conficiebat,
548 4155 682 4218 postquam
701 4148 771 4203 urbis
795 4149 851 4202 eius
877 4144 1027 4214 magnitudo
1054 4145 1216 4213 ‹hgnihsquc

78 4225 220 4276 claruerat·
1075 4230 1093 4241 ’·
