2632 4658
151 134 246 241 ssc'
333 236 336 241 .
392 232 400 251 ,
459 121 646 271 nynogrss
665 162 744 241 111.
799 165 861 243 u.
905 117 983 271 [rs.
1088 148 1099 155 ’

151 353 258 442 guinis
278 352 469 421 sacriticlum
495 353 774 434 fiericonsuevit,
806 352 895 506 puod
922 350 1095 423 daemones
1122 354 1215 423 sitire
1241 356 1287 423 l'e·

150 451 272 507 ruutur.
321 438 472 506 Secunda
493 449 544 505 est
562 442 762 526 geomantia,
798 441 807 505 i
852 451 901 509 est
919 441 1096 506 divinatio
1123 442 1165 507 in
1187 452 1287 507 terra

152 526 244 606 (nam
289 527 333 611 γῆ
361 536 457 588 terra
493 524 739 612 interpretatur,
776 526 862 591 unde
892 536 927 591 et
950 522 1143 612 georgicon
1174 524 1212 593 id
1239 540 1285 595 est
1311 547 1316 591 ‚³

150 611 232 676 liber
251 607 295 691 de
316 619 424 675 terrae
443 607 567 676 cultura
586 608 717 690 dicitur;
755 617 855 699 ἔργον
876 611 960 676 enim
981 611 1111 677 Graece
1142 612 1283 681 cultura

126 696 278 766 sdicitur.
341 692 482 761 Inde'et
508 718 602 763 sacra
629 696 734 761 omnia
762 695 848 785 apud
880 698 1027 762 Graecos
1055 692 1173 845 lippia,
1191 695 1285 765 sicul

151 778 1282 955 tlt?,llllttltill⁰¹lttttli⁸ttlll³‘slttltlltttltt
1311 851 1316 894 ’

150 952 263 1038 orgia,
288 960 416 1016 ceterae
445 951 657 1019 caerimoniae
681 917 898 1038 diceneum?
949 952 1063 1020 Tertia
1089 961 1141 1019 est
1167 951 1281 1044 hydro

150 1037 285 1114 mantia,
305 1034 340 1101 id
361 1045 411 1102 est
430 1037 607 1107 divinatio
625 1038 663 1101 in
680 1061 795 1140 cqna5
821 1037 910 1124 ὕδωρ
930 1038 1012 1103 enim
1033 1039 1166 1103 Graece
1192 1060 1283 1125 aquo

83 1126 396 1209 ,ininterpretatum
428 1121 515 1186 unde
537 1132 570 1188 et
590 1122 801 1211 hydropicus,
821 1124 875 1210 qui
897 1120 992 1188 nimio
1013 1123 1160 1210 appetitu
1181 1144 1281 1211 aquas
1312 1123 1316 1154 ⁴

150 1208 262 1296 perite
290 1217 324 1273 et
344 1204 508 1295 hydraulia
528 1208 577 1273 rel
598 1206 753 1295 hydraule
786 1210 954 1294 aquatica
973 1229 1110 1295 organa
1141 1210 1281 1275 norimus

149 1303 351 1379 nuncupata;
381 1286 480 1359 odiel
502 1314 639 1380 namque
650 1289 805 1377 fistulae
826 1293 1013 1378 organales
1033 1306 1116 1360 sunt.
1163 1294 1282 1368 Quarta

151 1389 202 1447 est
221 1377 430 1455 aiiromantia,
450 1376 484 1442 id
506 1390 556 1444 est
575 1377 750 1442 divinatio
770 1378 808 1443 in
829 1380 920 1443 aire.
963 1376 1082 1451 Quinta
1112 1400 1281 1466 pyromeu·
1312 1421 1316 1434 ‹

152 1466 214 1541 tia,
249 1460 284 1527 id
319 1472 368 1527 est
404 1461 580 1527 divinatio
611 1461 650 1525 in
677 1461 691 1524 i
718 1468 779 1539 ne;
817 1463 885 1546 arip
914 1463 997 1527 enim
1026 1463 1158 1528 Graece
1188 1462 1281 1553 igne

110 1548 285 1628 lodioitur3
323 1544 408 1612 unde
444 1568 573 1633 pyram
609 1555 642 1611 et
704 1545 1031 1632 yriplrlegetlrontn,
1067 1546 1103 1612 id
1143 1558 1195 1615 est
1231 1547 1282 1651 ig-

46 1706 49 1719 ¹
76 1710 80 1719 1
150 1656 254 1697 neum
275 1630 431 1697 dixerunt,
483 1630 560 1695 Hoc
589 1628 747 1695 divinandi
768 1651 892 1717 genere
918 1632 1039 1699 Statius
1072 1632 1236 1703 'liresiam
1253 1654 1281 1699 ru
1312 1695 1316 1716 ,

150 1718 181 1783 Χ
201 1715 388 1783 Thebaidos
408 1724 551 1781 utentem
571 1713 724 1781 iuducere
748 1714 881 1782 ridetur.

48 1798 52 1820 ¹
234 1802 295 1869 13:
335 1802 444 1868 Prima
464 1801 564 1887 igitur
584 1799 799 1868 necromantia
827 1800 868 1867 ad
900 1800 1020 1867 inferos
1043 1799 1169 1871 ridetur
1189 1801 1283 1891 perti·

150 1909 246 1967 nere,
268 1887 410 1954 secunda
431 1884 473 1951 ad
495 1898 624 1965 terram,
645 1886 739 1953 tertia
761 1885 803 1952 ad
825 1908 951 1973 aquam,
972 1896 1086 1974 quarta
1104 1887 1150 1954 ad
1167 1894 1283 1967 aierem,

107 1974 259 2061 acquinta
286 1972 328 2040 ad
363 1974 482 2059 ignem.
531 1972 775 2050 Mathematica,
810 1970 953 2038 secunda
985 1971 1103 2061 syllaba
1132 1972 1224 2041 brevi
1254 1984 1284 2041 el
1313 1979 1316 1986 ’

8 2066 11 2071 ’
38 2096 44 2102 -
151 2059 306 2147 aspirata,
344 2054 528 2123 doctrinalis
563 2058 797 2144 interpretatur.
852 2056 913 2123 Est
950 2072 1057 2124 autem
1090 2058 1195 2147 prima
1233 2060 1285 2146 (ut

151 2143 278 2210 tandem
314 2141 546 2231 deprehensum
584 2141 744 2224 ereditur)
780 2141 1004 2229 speculationis
1034 2166 1126 2231 pers,
1158 2144 1223 2211 sub
1251 2164 1284 2209 ss

150 2226 364 2316 quadrivium,
395 2227 429 2292 id
457 2236 507 2293 est
537 2227 784 2306 arithmeticam,
817 2227 988 2306 musicam,
1020 2230 1235 2315 geometriam
1255 2238 1284 2295 et
1314 2261 1316 2266 ¹

151 2315 375 2382 astronomiam
403 2313 576 2380 continens.
629 2311 782 2379 Secunda
810 2334 886 2378 vero
917 2314 1036 2401 syllaba
1083 2311 1227 2382 roducta
1255 2324 1285 2381 st

108 2401 220 2467 sosine
248 2400 289 2479 lr,
326 2398 545 2476 matematics‚
575 2398 717 2464 vanitas
746 2398 981 2486 interpretatur.
1075 2399 1128 2467 uic
1161 2398 1285 2489 species

151 2488 356 2572 assignentur
395 2483 592 2574 aruspicina,
633 2482 770 2550 horosco
793 2484 843 2549 ica
881 2495 914 2550 et
948 2484 1080 2552 scientia
1116 2507 1178 2572 per
1212 2508 1285 2553 arcs
1313 2549 1316 2556 .

150 2571 328 2652 divinandi,
354 2568 389 2635 id
419 2583 470 2637 est
508 2568 688 2656 augurium.
751 2508 848 2636 llicta
887 2579 937 2636 est
966 2581 1072 2636 autem
1103 2571 1286 2659 aruspicina

151 2657 241 2742 quasi
270 2677 417 2721 arariam
443 2654 629 2741 inspectio,
664 2653 738 2741 quia¹
771 2654 931 2743 aruspices
968 2678 1040 2721 aras
1059 2657 1285 2743 inspicientes,

19 2766 22 2771 ·
128 2742 183 2806 ¹iu
204 2740 284 2807 extis
306 2753 338 2807 et
359 2738 447 2804 libris
468 2738 697 2805 sacrificiorum
719 2738 825 2805 futura
847 2739 1065 2823 musiderent3
1095 2743 1151 2829 qui
1173 2742 1285 2833 stipsi

109 2846 387 2913 :tunonnumqusm
420 2823 526 2900 arioli,
556 2820 590 2887 id
617 2834 667 2890 est
700 2824 794 2888 cirea
822 2847 906 2888 oros
934 2835 1132 2912 precantes,
1167 2826 1219 2893 rel
1248 2828 1285 2893 in
1313 2833 1316 2842 ’

149 2911 225 2976 oris
244 2909 460 2989 divinantes,
489 2908 554 2976 sire
573 2909 772 2989 salisatores,
805 2908 893 3012 quod
915 2933 954 2976 ex
972 2911 1122 2978 membris
1151 2912 1286 2977 solisn-

140 2994 243 3061 ¹tibus
267 3006 299 3063 et
319 3018 360 3062 ex
381 2994 474 3082 pulsu
506 2992 730 3072 divinaverint,
758 2993 822 3060 dics
850 3007 1043 3063 meruerunt.
1093 2995 1193 3063 Unde
1221 3007 1285 3063 est:

535 3090 601 3144 ant
622 3080 733 3145 caesia
749 3078 859 3143 saliat
877 3081 967 3166 qnod
981 3103 1107 3145 numen
1121 3082 1161 3145 in
1182 3082 1288 3149 extis..
1314 3109 1316 3124 Α

148 3165 389 3251 Horoscopica,
418 3187 512 3251 quam
532 3175 566 3231 et
587 3163 854 3231 constellationem
879 3166 942 3232 dici
963 3165 1115 3251 legimus,
1150 3178 1203 3233 est
1224 3188 1286 3253 qus

108 3253 181 3315 sain
202 3249 297 3317 stellis
319 3249 385 3315 fata
407 3249 568 3314 hominum
589 3251 703 3338 inquiri
736 3249 902 3316 docentur.
956 3251 1031 3316 Hac
1067 3263 1202 3320 utuntur
1254 3272 1285 3317 e-

150 3336 306 3410 nethliaci,
326 3335 380 3423 qui
399 3334 576 3402 nativitates
592 3334 753 3401 hominum
774 3336 949 3413 attendunt,
969 3336 1025 3424 qui
1044 3336 1140 3424 vulgo
1164 3358 1219 3403 ma
1254 3358 1284 3401 e·

31 3478 34 3483 .
149 3422 256 3489 matici
286 3420 452 3500 dicuntur,
486 3442 678 3508 quamquam
710 3419 783 3487 olim
810 3421 988 3509 specialiter
1015 3425 1103 3509 magi
1131 3421 1285 3509 leguntur

150 3506 307 3594 appellati.
348 3507 533 3596 Horoscopi
554 3508 650 3573 etiam
672 3508 713 3573 ab
733 3506 962 3594 horoscopica,
990 3505 1024 3572 id
1046 3507 1284 3575 est‘lroraruut

150 3593 217 3660 fata
237 3591 480 3680 inspicientes,
505 3593 679 3681 nuncupati
700 3603 782 3660 sunt.
835 3592 887 3657 De
908 3590 1087 3679 hujusmodi
1108 3588 1285 3659 Juvenali'st

109 3692 143 3740 to
235 3677 348 3743 Nemo
369 3677 637 3743 mathematicus
652 3679 800 3766 genium
821 3677 1045 3743 indemnatus
1073 3676 1226 3743 irridebit.

149 3765 230 3830 Ares
245 3762 339 3851 juxta
360 3762 436 3829 artis
457 3762 652 3853 disciplinam
676 3775 732 3830 aut
763 3762 887 3828 oscines
917 3772 1009 3841 sunt,
1044 3762 1078 3829 id
1102 3768 1172 3842 est,
1203 3782 1286 3851 quae

25 3890 30 3903 „
151 3849 259 3916 lutura
279 3868 337 3910 ore
358 3859 508 3928 canunt,
540 3860 597 3915 aut
618 3862 806 3937 praepetes,
840 3870 924 3934 quae
956 3847 1075 3916 volatu
1095 3849 1288 3935 significant.

150 3933 247 4000 Unde
267 3954 326 4020 per
358 3954 433 3998 ares
462 3932 620 4001 diriuaudi
647 3935 779 4003 scientia
802 3930 971 4021 aliquando
990 3934 1085 4003 oculo
1106 3946 1288 4011 exercetur,

151 4032 184 4085 et
204 4018 334 4107 proprie
355 4018 528 4105 auspicium
572 4018 643 4087 uasi
663 4020 872 4108 avispicium
892 4018 1026 4099 dicitur,
1045 4021 1129 4111 rquia
1148 4020 1288 4089 rolatum

109 4104 254 4176 ssaviurn
274 4116 307 4170 et
326 4114 446 4168 motum
469 4044 690 4195 specdlantur;
729 4103 897 4195 aliquando
919 4105 1066 4186 auribus,
1104 4117 1138 4175 et
1160 4106 1289 4198 proprie

152 4189 341 4278 augurium,
372 4189 462 4277 quasi
480 4193 646 4279 garritus
665 4191 785 4262 avium
807 4203 1021 4282 nuncupatur.
1062 4193 1150 4260 Usus
1183 4207 1288 4264 tamen
