2632 4658
437 44 443 79 l

346 176 529 286 uynop.
557 131 903 260 taur-lun.
1135 174 1194 258 ar
1288 230 1293 239 ·

52 390 167 437 versae
186 377 267 436 sunt
286 367 319 434 in
339 363 501 447 volueres,
521 379 558 437 ut
573 389 636 436 non
649 378 770 437 tantum
792 369 953 452 interris,
974 368 1036 438 sed¹
1049 369 1082 457 io
1102 370 1194 454 mari,

52 455 240 543 requisitam
272 454 419 543 persequi
446 458 591 540 'possent
640 455 820 522 Novissime
849 455 1045 523 devenerunt
1073 456 1116 523 ad
1137 478 1194 545 po-
1260 454 1263 459 ’

54 556 137 608 tram
156 540 290 620 Martis,
313 562 397 625 quae
415 540 598 608 imminebat
618 541 765 628 proximo
783 541 910 630 pelago.
943 544 1068 611 Harum
1084 543 1195 632 itaque

55 628 157 694 iatum
180 627 257 702 ibit,
284 636 339 702 ut,
370 625 520 713 quamdiu
543 648 654 691 earum
675 650 736 693 vox
763 627 871 696 andita
892 638 978 694 esset
997 627 1193 710 mortalibus,

55 723 224 797 manerent
244 710 427 777 incolumes.
466 712 569 778 Forte
592 711 700 778 Ulixes
720 714 840 780 monitu
861 714 984 795 Circes,
1005 714 1219 800 filiaeSolis,5
1257 748 1263 754 ·

55 809 295 886 praetervectus
317 806 381 865 est:
413 809 481 865 turn
501 820 538 864 se
557 799 852 886 praecipitaverunt.
1064 816 1068 825 ·

230 980 326 1058 187.
380 982 639 1059 Latona'et
669 985 803 1086 Lycii
835 989 1016 1060 rustici.

144 1111 290 1191 Latona,
314 1112 397 1178 Coei
418 1100 567 1202 Gignhtis
588 1115 670 1189 filia,
691 1135 790 1200 quum
812 1112 945 1180 Junonis
965 1115 1014 1180 ira
1037 1113 1080 1179 ob
1103 1113 1193 1181 adul-

56 1198 175 1267 terium
207 1220 248 1264 ex
274 1198 356 1265 Jove
386 1213 559 1289 conceptos
588 1199 761 1289 Apollinem
788 1209 821 1265 et
840 1199 976 1265 Dianam
995 1200 1111 1290 parere
1130 1223 1195 1267 non

48 1293 187 1372 posset,
216 1280 366 1371 nullaque
374 1318 383 1325 ··
393 1298 552 1354 errantem
580 1307 652 1352 eam
674 1285 770 1371 regio
798 1282 990 1372 susciperet,
1023 1286 1234 1355 norissimelu

57 1368 197 1436 venitin
217 1368 370 1458 Lyciam
400 1380 434 1437 et
460 1393 557 1460 quum
578 1371 694 1438 ardore
716 1369 835 1437 aestino
856 1370 937 1437 sitim
959 1368 1076 1439 sedare
1094 1371 1198 1455 vellet,

23 1541 27 1545 ἱ
57 1455 101 1520 ab
130 1452 198 1534 his,
231 1455 285 1541 qui
300 1453 433 1544 juncum
454 1456 606 1545 legebant
625 1479 719 1524 secus
741 1456 833 1536 litus,
859 1454 1016 1545 prohibita
1036 1466 1086 1524 est
1102 1458 1218 1525 acee'

20 1553 23 1557 ·
56 1538 149 1605 dere.
192 1538 299 1613 Quam
320 1542 363 1607 ob
383 1562 452 1609 rem
472 1543 520 1609 ira
542 1566 696 1623 accensa,
720 1543 811 1630 petiit
831 1565 852 1608 a
871 1540 947 1623 diis,
967 1554 1004 1609 ut
1025 1563 1199 1633 numquam

56 1635 178 1726 stagno
193 1623 330 1727 ‘accolae
351 1640 507 1695 carerent.
549 1628 671 1731 Auditis
695 1629 853 1717 precibus,
871 1625 1021 1717 iuppiter
1039 1629 1214 1717 agricolas

56 1724 255 1798 inspeciem
278 1732 427 1779 ranarum
449 1727 611 1783 convertit.
1205 1731 1241 1783 1⁶

101 1873 198 1953 188.
250 1876 428 1975 bledae,
462 1879 619 1973 lason,
656 1876 833 1974 Aeson',
867 1889 912 1952 et
944 1881 1153 1955 nutrices

451 1981 612 2054 Liberi
643 1983 797 2081 patris.

150 2110 245 2177 Iason
275 2120 443 2198 postquam
469 2107 619 2175 Medeam
646 2107 678 2173 iu
707 2105 878 2173 Graeciam
903 2105 1011 2189 duxit,
1042 2108 1199 2196 promisso
1227 2110 1234 2117 ’

60 2194 125 2262 sibi
145 2195 296 2285 conjugio
320 2193 498 2285 copulavit,
526 2194 630 2261 multis
649 2195 746 2261 rebus
770 2204 919 2280 expertus
938 2194 1100 2283 ingenium
1121 2196 1200 2285 ejus,

61 2280 172 2370 petiit.
212 2293 247 2348 ut
302 2295 442 2350 arentem
471 2282 628 2346 Aesonem
659 2280 693 2345 in
724 2275 969 2345 adolescentiam
999 2279 1244 2370 perduceretao

60 2369 107 2433 At
134 2364 187 2433 illa
212 2305 353 2434 nondum
378 2383 488 2434 amore
508 2365 672 2454 deposito,
703 2386 798 2451 quem
820 2363 854 2428 in
875 2386 949 2431 eum
968 2365 1096 2446 babuit,
1125 2366 1214 2457 nibil,

14 2478 27 2497 Λ
63 2450 259 2539 denegando
272 2451 312 2530 ei,
330 2452 467 2535 ahenum
479 2451 651 2530 constituit,
672 2449 908 2538 herbarumque
919 2471 1052 2536 genera,
1066 2472 1203 2540 qnorum

65 2537 233 2604 scientiam
253 2536 379 2619 babuit,
401 2537 495 2605 variis
517 2536 702 2625 regionibus
723 2535 884 2622 quaesita,
909 2558 1066 2623 coquens,
1102 2539 1203 2603 Aeso-

61 2642 141 2688 nem
164 2623 365 2691 interemtum
386 2623 419 2689 in
438 2634 472 2692 te
493 2621 554 2689 idis
574 2622 681 2689 herbis
702 2619 887 2699 immiscuit,
918 2631 952 2687 et
976 2622 1009 2687 in
1036 2620 1203 2710 pristinum
1278 2672 1280 2676 ,

63 2708 210 2796 vigorem
248 2706 404 2799 perduxit
461 2647 562 2776 hiber
590 2718 682 2797 pater
712 2718 749 2773 ut
771 2703 1009 2784 animadvertit,
1041 2711 1243 2785 Aesouemffi

63 2780 265 2863 seneclutem
290 2794 439 2862 remediis
466 2794 606 2862 Medeae
634 2792 806 2882 expulisse,
838 2792 934 2880 petit,
964 2803 1002 2862 ut
1029 2794 1204 2865 nutricibus
1245 2868 1249 2877 ,

67 2879 138 2949 suis
160 2881 259 2948 ferret
280 2881 446 2960 auxilium,
480 2902 600 2970 easque
620 2878 653 2945 in
674 2876 922 2944 adolescentium
943 2877 1088 2969 vigorem
1107 2878 1205 2949 redu·
1282 2954 1285 2959 ,

67 2976 170 3033 ceret.
213 2966 314 3069 Cujus
343 2966 533 3034 auctoritate
554 2978 586 3032 et
607 2960 719 3030 auxilio
740 2962 790 3029 illa
812 2961 993 3052 compulsa,
1021 2962 1132 3035 iisdem
1150 2986 1206 3032 re-
1262 3036 1265 3042 ,

65 3050 191 3130 mediis,
213 3055 328 3140 quibus
345 3057 502 3120 Aaronem
526 3053 559 3117 in
602 3052 713 3117 rimam
730 3048 928 3138 juientutem
947 3047 1128 3135 reduxerat,
1147 3049 1205 3120 Li-

66 3139 149 3203 bero
169 3147 341 3229 aeternum
360 3138 550 3233 beneficium
569 3074 667 3205 dede
1164 3196 1168 3203 ,
1209 3155 1247 3206 30

286 3306 383 3385 189.
436 3309 690 3384 Deuenlien
722 3318 765 3383 et
798 3305 987 3410 Pyrrha.

152 3436 302 3529 luppiter
331 3449 464 3545 propter
484 3436 652 3525 audaciam
671 3436 702 3504 1.
726 3436 833 3504 cannis
852 3448 1100 3522 ceterorumque
1120 3452 1207 3501 mor·
1281 3496 1283 3505 .

68 3518 197 3607 talium,
219 3526 274 3613 qui
295 3526 468 3592 sceleribus
488 3525 553 3592 suis
575 3524 670 3590 etiam
714 3544 824 3587 eorum
841 3519 1015 3610 potentiam
1030 3520 1206 3602 tentabant,
1242 3558 1249 3574 =

69 3609 183 3675 orbem
203 3620 360 3678 terrarum
378 3611 516 3700 profusis
529 3610 681 3677 imbribus
695 3605 858 3674 inundavit
870 3603 1034 3694 (diluuio).
1063 3604 1206 3673 Primum

69 3707 179 3761 autem
201 3695 348 3762 diluvium
367 3698 428 3764 sub
449 3696 481 3762 0
528 3718 589 3783 ge,
610 3715 691 3782 rege
714 3693 965 3773 Thebanorum,
993 3689 1112 3773 extitit,
1144 3708 1250 3761 nonan

70 3783 133 3846 snb
164 3781 320 3855 Saturno.
373 3718 560 3850 Secundini
588 3780 648 3847 sub
678 3779 778 3860 Jore,
815 3776 904 3867 quod
937 3787 974 3845 et
1004 3775 1209 3845 Deucalionis

72 3864 197 3933 dicitur.
251 3870 295 3935 Et
326 3890 424 3957 quum
454 3867 519 3933 duo
549 3863 698 3933 mortales
726 3864 843 3953 pietate
859 3874 1000 3944 ,eeteros
1027 3870 1210 3944 anteissent,

71 3951 261 4036 Deucalion,
280 3955 466 4021 Promethei
487 3953 577 4032 lilius,
599 3962 631 4020 et
641 3952 785 4040 Pyrrha,
806 3949 920 4019 eadem
941 3970 1034 4019 soror
1063 3960 1210 4042 etpuror,

72 4036 106 4103 in
119 4090 122 4095 .
137 4037 285 4107 Parnaso
320 4052 428 4109 monte
457 4039 627 4128 proluviem
654 4037 801 4103 imbrium
827 4039 1031 4126 effugerunt3
1060 4047 1094 4102 et
1121 4045 1210 4103 sorte
1297 4042 1300 4051 “

73 4124 185 4191 moniti
214 4125 401 4209 Themidis,
435 4149 519 4214 quae
548 4146 588 4190 eo
615 4136 763 4211 tempore
790 4123 920 4190 antistes
943 4134 1050 4189 terrae
1070 4130 1156 4199 erat,
1187 4141 1252 4196 nao

73 4209 134 4278 diis
157 4234 218 4301 per
237 4235 353 4301 praees
376 4214 498 4280 veniam
520 4220 716 4300 aeceperunt
736 4208 943 4297 generandae
963 4207 1068 4295 prolis.
1110 4204 1204 4301 apol-
