2632 4658
134 146 191 221 aa
449 147 631 251 managa
658 149 712 224 ιι.
766 150 971 225 ιιι-ιο.
1120 190 1133 199 -

99 354 101 359 ’
135 327 232 397 lentla
262 328 454 413 mnanmtla,
471 353 549 400 non
569 343 700 422 poscant
731 332 879 416 inueniri,
910 334 986 403 dno
998 334 1175 407 coenon
1201 334 1265 419 tilii,

137 413 267 481 Cleobis
292 426 325 482 et
348 416 444 497 Bito,
477 430 611 486 matrem
644 419 825 500 subierunt,
860 435 894 489 et
921 420 964 489 ad
985 422 1106 512 templa
1122 420 1265 491 deduxe-

136 510 220 566 runt.
270 499 373 581 Juno,
406 506 545 590 probans
566 526 677 572 eorum
708 506 915 595 religionem,
946 506 1061 575 obtulit
1087 510 1201 593 matri,
1228 519 1264 578 nt

137 585 226 735 guod
248 585 350 664 vellet,
371 587 439 654 liliis
462 601 617 677 posceret.
658 589 715 659 Illa
736 593 788 680 piu
808 592 1016 680 responsione
1035 594 1091 675 ait,
1111 604 1155 659 ut
1176 592 1266 683 quod

111 682 130 732 a
162 693 210 749 aax
223 669 429 737 mortalium
450 674 538 739 utile
555 676 678 759 eoiret,
710 676 789 763 ipae
815 688 1027 765 praeotaret.
1079 676 1187 747 Altero
1207 678 1264 745 ita-

18 834 21 839 .
78 764 83 777 ‘
123 776 201 843 ,qno
232 754 285 846 die
312 755 487 824 sacerdotis
518 759 652 849 iuvenes
682 760 798 850 reperti
832 770 905 829 sunt
942 760 1068 832 mortui.
1121 762 1174 833 Ex
1203 786 1265 853 quo

139 840 310 931 probatum
331 851 397 925 eat,
428 842 504 911 nihil
533 867 606 913 eaeo
627 858 732 919 morte
750 846 971 941 praeatantiua.

510 1026 579 1105 or.
633 1030 892 1110 caelone.
953 996 972 1056 ³

163 1202 169 1219 .
222 1155 326 1244 Virgo
348 1156 506 1245 quaedam
522 1158 666 1233 Chelone
686 1159 814 1249 linguae
832 1160 1021 1250 impatientia
1038 1160 1104 1230 luit
1146 1160 1266 1231 Veron

96 1262 240 1344 1oqnum
259 1243 407 1331 luppiter
426 1244 585 1311 Junonem
605 1246 663 1314 aihi
685 1248 800 1351 nuptiis
816 1246 979 1335 jungeret,
999 1246 1164 1336 praecepit
1179 1248 1265 1315 Mor-

137 1350 244 1405 cuno,
279 1341 316 1395 ut
344 1351 453 1398 omnes
484 1329 562 1397 deos
596 1344 630 1398 et
650 1332 793 1399 homines
830 1331 871 1397 ad
903 1333 1027 1421 nuptiae
1063 1345 1265 1401 convocaret·

63 1433 65 1438 ·
138 1414 214 1489 Quo
233 1413 420 1513 sactonsola
444 1414 596 1497 Chelone,
618 1418 754 1485 irridens
776 1429 808 1485 et
829 1416 1010 1497 detrahens,
1031 1420 1157 1509 nuptiae
1176 1415 1265 1484 adire

136 1500 314 1565 contemsit
371 1500 476 1574 Quam
504 1523 601 1589 quum
632 1503 808 1570 Mercurius
844 1525 907 1568 non
936 1504 1058 1569 venisse
1083 1503 1267 1583 notavisset,

132 1584 226 1735 ᾖίίιιιιι
249 1583 337 1650 Jovis
351 1584 400 1686 ‘ad
423 1596 525 1686 terras
548 1586 731 1691 descendit,
755 1601 794 1691 'et
814 1589 938 1691 moenia
959 1588 1266 1737 Chelones,danpra

95 1674 1266 1851 ¹⁶atltttttattit‘tttffffi'tt‘t'ta'ttttttt'tatttt

136 1840 290 1920 dicimus,
319 1852 353 1907 et
384 1852 420 1907 ut
447 1841 489 1907 ad
524 1865 661 1931 poenam
697 1783 793 1913 <lonso
830 1855 951 1911 tectum
986 1853 1146 1932 portaret,
1180 1842 1266 1919 fecit.

136 1925 233 1992 Unde
254 1938 287 1993 et
310 1926 479 1993 incurvatis
501 1927 654 1997 aediliciis
680 1931 744 1997 hoc
764 1952 878 1997 nornen
898 1930 1077 2018 impositum
1096 1939 1156 1998 eet·

468 2115 537 2191 68.
591 2118 786 2192 Proetus
841 2144 933 2192 rex.

93 2254 131 2303 ²⁰
221 2246 380 2325 Proetna',
401 2244 530 2311 Abantis
551 2244 650 2323 tilius,
682 2264 739 2310 rex
760 2244 966 2331 Argivorum,
987 2241 1144 2309 inimicam
1165 2240 1268 2309 felici·

137 2330 195 2399 tati
219 2353 296 2396 eune
318 2332 428 2397 hahuit
450 2330 596 2418 conjugis
626 2328 862 2396 secunditatem.
905 2331 989 2395 'l’res
1016 2327 1131 2401 etenim
1160 2341 1266 2397 suatu-

136 2417 173 2483 lit
193 2417 291 2495 hlias,
325 2415 417 2483 etad
442 2415 767 2505 tempnunuptiarnm
788 2437 891 2503 usque
921 2414 1077 2517 perduxit.
1129 2414 1200 2481 Sed
1219 2414 1266 2481 in-

130 2502 303 2578 continens
337 2502 492 2589 virginum
520 2501 630 2587 lingua
659 2500 850 2567 infelicitatis
878 2498 975 2568 edicit
1014 2521 1138 2567 causas.
1192 2500 1268 2566 Hae

139 2589 221 2653 enim
246 2589 390 2654 feruntur
417 2586 598 2653 solemniter
627 2596 691 2653 tem
715 2585 778 2651 lum
810 2585 942 2653 Junonis
974 2585 1126 2665 intrasse,
1165 2596 1201 2652 et
1230 2608 1269 2651 ae

95 2687 132 2735 at
141 2673 222 2739 deae
237 2673 431 2762 praetulisse.
462 2673 548 2761 Hinc
562 2609 780 2737 offensahuno
804 2670 921 2760 puellas
942 2670 973 2734 in
988 2670 1143 2759 juvencae
1162 2670 1268 2753 vertit,

139 2770 173 2825 et
194 2757 399 2844 cupiditatem
421 2756 511 2824 silvas
534 2755 663 2844 petendi
684 2757 806 2846 injecit,
836 2755 917 2822 adeo
936 2765 973 2823 ut
991 2756 1178 2905 fletumque
1198 2778 1269 2833 mn-

140 2845 263 2930 guent,
285 2854 319 2909 et
339 2842 420 2911 oollo
433 2842 519 2929 'juga
543 2842 706 2922 timerent,
729 2842 912 2920 credentes,
933 2864 970 2907 se
1004 2864 1124 2907 ormam
1146 2840 1269 2910 hahere

97 2948 101 2955 ·
141 2950 319 2995 vaccarum.
362 2928 458 3007 Quod
481 2949 622 3016 eousque
643 2951 757 3015 passae
778 2940 867 3008 sunt,
895 2927 999 2992 donec
1019 2926 1112 3019 regni
1131 2937 1269 3014 partem,

140 3015 253 3102 siquis
275 3038 331 3081 ens
351 3015 384 3080 in
405 3013 570 3103 pristinum
590 3026 708 3081 statum
735 3014 847 3080 mentis
868 3012 1073 3092 restituisset,
1124 3013 1269 3098 ropoanit

98 3101 280 3167 anProetua
301 3123 363 3167 nna
387 3122 460 3167 oum
483 3100 630 3249 confuge.
672 3102 699 3165 Α
726 3097 927 3186 Melampode
948 3111 1072 3176 autem,
1100 3034 1270 3165 herbariae

141 3186 218 3253 artis
238 3186 444 3272 peritissimo,
465 3207 524 3250 eae
548 3209 599 3251 em
621 3184 790 3252 Proetides
812 3187 852 3249 ab
873 3184 993 3250 insania
1010 3193 1083 3250 aunt
1100 3181 1271 3265 titanae}

141 3293 279 3358 unaque
301 3295 339 3339 ex
369 3270 541 3358 virginibus
571 3269 687 3354 ducta,
722 3270 791 3359 ipso
826 3269 911 3337 facto
939 3270 1032 3357 regni
1059 3280 1210 3339 contorte
1237 3280 1271 3337 et

142 3378 275 3445 genero.

526 3492 594 3569 69.
647 3488 894 3596 Antigone.

102 3642 139 3693 aa
229 3625 408 3713 Antigono,
439 3622 669 3692 Laomedontia
704 3625 791 3712 regia
820 3620 953 3713 Trojani
988 3618 1078 3702 lilia,
1106 3642 1207 3726 qnam
1236 3643 1272 3691 ae

146 3712 268 3779 Junoni-
291 3713 485 3813 praeterret²
512 3712 553 3777 ab
584 3733 623 3777 ea
650 3723 782 3800 propter
812 3709 934 3778 formae
960 3719 1177 3797 arrogantiam
1196 3730 1272 3779 oon-

146 3818 237 3864 rersa
259 3806 309 3863 eat
329 3819 361 3860 ιιι
384 3818 547 3864 oroomam·

528 3959 594 4034 70.
647 3957 892 4035 Arachne.

233 4091 396 4173 Arachne,
417 4113 500 4179 qnae
522 4101 555 4155 et
573 4088 677 4179 Libya
697 4088 829 4170 dicitur,
851 4088 1006 4179 quaedam
1029 4088 1144 4178 pnolln,
1167 4110 1275 4157 anem*

108 4178 208 4251 nodos
238 4180 416 4256 Minervae,
448 4178 480 4243 in
508 4174 642 4265 lanificio
671 4174 853 4246 doctissima
882 4176 950 4245 suit.
994 4175 1087 4253 Quae
1119 4172 1198 4247 dum
1217 4176 1292 4255 intr.
