2632 4658
133 166 136 173 ·
187 160 215 198 ‘¹
282 102 288 109 ⁶
345 140 532 269 myuw.
560 164 612 241 u.
648 142 924 287 21542174
968 210 997 261 2
1117 168 1200 246 ,aar

36 367 94 422 et
123 352 240 420 doloris
269 354 423 440 impulsu,
448 352 542 441 'quod
572 376 608 420 se
630 363 771 440 spretam
793 376 873 423 esse·
886 353 1056 433 credebat,
1084 351 1199 443 laqueo

61 445 159 507 vitam
180 441 293 515 linivit,
324 452 362 528 et⁴
385 461 475 505 versa
496 438 596 506 estin
619 441 765 505 arborem
788 439 993 529 amygdalum
1014 439 1082 507 sine
1107 440 1199 508 foliis.

59 527 184 593 Postea
205 547 351 590 reversus
366 524 604 613 'Demophoom
636 523 840 610 cognitam,
862 525 939 615 *ejus
967 524 1129 614 amplexus
1151 538 1199 594 est

56 625 209 690 huncum
231 611 303 698 qni,
326 608 408 676 velut
431 612 538 698 sponsi
560 609 692 679 sentiret
709 607 895 692 adventum,
920 609 993 679 folia
1015 610 1126 699 emisit

397 852 490 929 ara.
545 795 859 955 naonaara.
929 875 933 887 ¹
1173 800 1220 928 a

146 979 323 1050 Laodamia
352 991 433 1057 uxor
457 984 625 1053 Protesilai
650 986 717 1054 fuit
758 987 852 1062 Quae
872 1010 973 1077 quum
995 988 1142 1057 maritum
1163 991 1197 1055 in

57 1069 141 1137 bello
161 1069 304 1158 'l'rojano
326 1071 458 1158 periisse
478 1070 616 1158 primum
645 1073 867 1159 cognovisset,
902 1075 1040 1162 optavit,
1070 1087 1107 1142 ut
1127 1075 1196 1162 ejus

57 1158 205 1223 umbram
220 1153 350 1234 videret.
373 1155 506 1231 Quare
527 1178 701 1239 concessa,
726 1179 798 1239 non¹
811 1157 964 1229 deserens
980 1181 1061 1241 eam
1082 1159 1196 1249 ineius

59 1239 279 1331 complexibus
301 1240 404 1327 periit.

427 1386 523 1493 ara.
577 1416 824 1495 procare.
1202 1443 1239 1494 lo

21 1604 24 1611 .
141 1548 290 1629 Procris,
317 1546 391 1615 lilia
421 1547 528 1637 lphili,
560 1568 644 1615 uxor
670 1547 803 1637 Cephali
830 1547 900 1619 fait.
943 1548 1123 1638 Qutqunm
1143 1571 1197 1619 vo-

56 1632 155 1702 namli
184 1633 292 1702 studio
322 1645 502 1713 teneretur,
536 1631 646 1700 labore
679 1634 802 1716 fessus,
832 1633 888 1711 ad,
902 1630 1011 1703 locum
1033 1630 1212 1724 quendam

58 1730 232 1788 consueret
255 1719 325 1800 ire,
359 1717 464 1786 etad
494 1718 704 1787 recreandum
733 1717 795 1785 illio
829 1744 865 1787 se
901 1733 1030 1788 ventum
1047 1764 1051 1771 ·
1068 1742 1197 1789 vocare.
1222 1768 1231 1775 1-

57 1803 157 1881 Quod
186 1827 286 1908 quum
313 1826 412 1892 saepe
439 1804 577 1884 faceret,
613 1825 755 1870 amorem
789 1804 822 1869 in
850 1829 887 1872 se
915 1807 1013 1874 movit
1040 1807 1196 1888 Aurorae,

58 1913 143 1979 quae
171 1912 201 1957 er
230 1911 342 1978 canem
370 1887 615 1968 velocissimam,
650 1888 850 1976 Lampadam
869 1891 1022 1970 ¹nomine,
1057 1889 1196 1971 donavit,
1205 1903 1239 1969 1⁵

59 1989 94 2057 et
121 1975 187 2051 duo
215 1974 337 2042 hastilia
366 1973 570 2053 inevitabilia,
603 1973 678 2061 quia
707 1987 837 2042 venator
870 1985 955 2057 erat}
1001 1996 1140 2062 eumque
1166 1972 1209 2043 in'

60 2061 256 2149 amplexibus
283 2061 428 2146 rogavit,
460 2071 497 2127 ut
524 2069 633 2148 spreta
653 2081 754 2126 uxore
775 2083 854 2140 sua,
888 2082 961 2127 eam
992 2069 1087 2127 amet
1140 2059 1198 2127 Ille
1304 2055 1307 2064 ’

59 2147 120 2226 ait,
150 2144 369 2231 iusiurandum
395 2145 581 2212 rehabere
612 2167 686 2211 cum
713 2145 808 2236 eonjn
836 2168 855 2214 e
879 2156 1012 2213 mutuae
1033 2143 1196 2212 castitatis.

58 2232 133 2306 Quo
155 2231 283 2312 audito,
304 2228 469 2319 respondit
488 2232 628 2313 Aurora:
667 2241 709 2296 rot
733 2254 801 2319 pro
822 2255 857 2296 es
888 2231 1007 2382 iiim
1035 2231 1197 2318 conjugis

57 2315 281 2391 caetitatem,
303 2326 403 2380 muto
418 2325 452 2380 te
468 2315 503 2387 in
517 2325 751 2383 mercatorem.
793 2317 867 2393 Quo
909 2323 1000 2396 acto,
1020 2313 1077 2381 ille-
1091 2326 1130 2382 ut
1150 2313 1236 2384 adeo

58 2400 196 2468 Procrin
223 2400 324 2481 venit,
357 2398 469 2466 oblatis
499 2400 684 2466 muneribus
714 2400 946 2490 impetrataque
976 2422 1012 2465 re
1042 2400 1195 2488 conjugii,

57 2487 226 2554 confessus
253 2500 320 2565 est,
353 2509 389 2552 se
424 2506 497 2550 esse
529 2483 676 2552 maritum
701 2509 818 2553 suum.
868 2484 966 2562 Quod
992 2484 1045 2552 illa
1075 2485 1197 2562 dolens,

57 2584 160 2660 quum
180 2569 320 2638 audisset
341 2593 360 2635 a
382 2570 519 2648 rustico,
552 2590 661 2635 amare
688 2593 762 2637 eum
788 2578 962 2652 Auroram,
991 2593 1087 2658 quam
1106 2572 1195 2639 inro-

58 2679 135 2724 care
157 2666 383 2731 consueverat,
409 2653 451 2720 ad
474 2654 582 2721 silvam
602 2655 748 2744 prolecta
768 2670 833 2737 est,
860 2669 897 2725 ‘et
916 2657 949 2723 in
970 2654 1126 2725 fruticetis
1147 2655 1197 2723 la-

55 2744 119 2810 tuit
145 2741 188 2807 ad
213 2739 517 2829 deprehendendum
550 2741 704 2809 maritum.
762 2742 825 2817 Qui
855 2766 957 2833 quum
981 2763 1073 2808 more
1100 2739 1236 2814 solitoea

57 2830 214 2895 Auroram
235 2838 382 2905 vocaret,
410 2825 541 2892 Procris
562 2825 675 2912 egredi
697 2851 738 2894 cu
760 2827 846 2903 iens,
881 2828 1031 2895 fruticeta
1053 2842 1195 2897 commo-

56 2914 109 2979 vit.
152 2914 292 3001 Sperans
313 2909 475 2998 Cephalus
499 2912 599 2976 leram
621 2932 711 2994 esse,
739 2852 867 2982 hastam
887 2911 1098 2980 inevitabilem
1116 2935 1194 2980 con-

53 2998 148 3088 jecit,
172 2999 231 3065 eti
279 3017 353 3064 arus
372 3018 505 3063 uxorem
525 2997 701 3078 interemit,
731 3021 815 3087 quaa
834 3009 942 3066 temen
963 2997 1121 3079 moriens,
1153 3020 1195 3077 ne
1229 3048 1241 3081 .·

57 3087 213 3152 Auroram
233 3019 383 3162 dicerer,
418 3081 599 3169 postulavit.
1117 3104 1121 3116 ¹

436 3282 529 3358 217.
584 3223 849 3360 Tereus·
900 3254 901 3258 Ἴ
1142 3304 1234 3369 ·’3ο

140 3411 268 3480 ll'ereus
287 3433 344 3481 rex
363 3412 620 3491 'l'hracumsuit
664 3413 729 3488 Qui
751 3433 849 3500 quum
874 3407 1066 3492 Pandionis,
1096 3409 1193 3489 Athe·
1236 3492 1241 3501 Ι

58 3519 173 3564 narum
202 3499 310 3585 regis,
330 3498 434 3570 ,filiam
458 3499 608 3565 Procnen
636 3499 762 3564 nomine
793 3495 937 3563 duxisset
967 3518 1117 3579 uxorem,
1132 3508 1193 3583 ¹get

58 3593 133 3670 post
152 3585 341 3688 aliquantum
363 3595 488 3671 tempus
510 3586 551 3650 ab
580 3606 618 3649 ea
639 3594 811 3669 rogaretur
832 3580 890 3647 sihi
910 3580 1118 3648 Philomelam
1139 3606 1192 3648 so·
1292 3613 1295 3619 ·

56 3690 165 3735 rorem
184 3668 352 3737 videndam
380 3671 554 3748 accersire,
579 3670 747 3771 profectus
776 3666 935 3745 Athenas,
961 3666 1040 3733 dum
1060 3665 1192 3734 adducit

80 3754 212 3838 uellam,
241 3757 273 3820 in
302 3755 413 3830 itinere
438 3777 510 3820 eam
538 3752 669 3833 vitiavit,
699 3766 731 3822 et
755 3753 785 3819 ei
806 3752 947 3837 linguam
968 3751 1122 3834 abscidit,
1151 3775 1234 3828 neas

58 3779 182 3907 iacinns
211 3839 394 3907 indicaret..
417 3839 474 3904 Illa
503 3851 609 3906 tamen
634 3862 721 3920 rem,
752 3840 786 3907 in
807 3847 894 3904 veste
918 3859 978 3904 suo
999 3858 1115 3904 cruore
1134 3838 1191 3905 de-

57 3926 226 4016 scriptam,
255 3927 357 3993 sorori
388 3927 479 3992 misit.
530 3924 602 3998 Qua
630 3926 778 4015 cognita,
817 3924 948 3990 Procne
985 3923 1059 4011 Ityn
1094 3902 1192 3990 libum

57 4032 151 4077 suurn
162 4012 341 4090 interemit,
372 4022 405 4077 et
427 4010 508 4098 patri
527 4011 722 4099 epulandum
742 4009 899 4099 apposuit
940 4007 1062 4076 Postea
1082 4029 1191 4077 omnes

56 4097 89 4162 in
111 4119 186 4164 aves
207 4097 317 4165 mutati
333 4111 431 4176 sunu
461 4098 587 4164 Tereus
608 4099 640 4164 in
662 4119 820 4188 upupam,
852 4096 919 4184 Itys
939 4093 972 4160 in
995 4093 1193 4182 phasianum,
1249 4141 1251 4151 ·

56 4183 188 4250 Procne
207 4184 239 4248 in
259 4180 477 4262 hirundinem,
507 4181 682 4252 Philomela
698 4185 733 4257 iu
754 4179 929 4250 lusciniam.
988 4238 1002 4247 ,.
1180 4234 1185 4243 1

782 4292 859 4363 lb*
944 4398 950 4419 Κ
