2632 4658
369 110 552 215 manga
577 110 610 187 1.
667 108 887 187 ‘rr-rof
1085 215 1096 233 .
1142 88 1224 189 ar
1279 88 1280 93 '

54 316 140 365 care.
179 294 409 383 ‚Dmoffldem
439 296 539 387 igitur
569 295 612 365 ad
640 296 780 382 inferos,
818 298 851 365 iu
878 298 1112 385 mismationem
1141 315 1198 369 eo's

54 384 165 452 'cantu-
180 405 240 450 auo
261 383 429 472 compulit;
466 393 664 471 acceptaque
684 383 778 469 lege,
805 382 985 473 impetravit
1013 385 1199 476 Eurydicen

55 471 100 537 ita
122 468 273 548 domum,
303 469 417 535 sinon
443 481 518 537 ante
546 470 756 556 respexisset,
783 491 879 557 quam
904 468 946 537 ad
970 494 1103 560 superos
1125 496 1199 561 per·
1225 480 1232 503 ¹

56 554 187 622 veniret.
237 552 382 636 Deinde,
411 564 447 620 ut
470 565 520 621 est
547 553 628 619 dura
655 554 825 621 amantium
849 557 1103 659 perseverantia,
1132 560 1197 624 Or-

57 640 176 728 pheus,
205 639 337 720 timens,
364 662 406 705 ne
427 660 492 705 uon
510 639 631 707 inesset
650 639 795 728 pollicitis
816 640 899 708 Drtis
920 642 1019 723 fides,
1047 645 1222 730 respexit5

57 737 89 793 et
107 725 236 794 irritum
261 724 338 793 fecit
357 746 450 792 suurn
470 724 621 791 laborem.
661 724 824 795 Reversus
847 726 961 793 deinde
984 726 1027 795 ad
1053 751 1198 817 superos,
1242 790 1246 795 .

58 809 110 898 qni
141 832 256 899 parum
284 832 454 900 prosperas
483 821 632 896 expertus
661 821 731 878 erat
759 813 904 899 nuptias,
943 836 1076 901 perosus
1104 838 1199 883 omne

56 918 160 983 genus
182 895 373 973 femineum,
403 889 623 964 solitudinibus
649 918 687 963 se
708 895 804 964 dedit

192 1094 205 1124 .·
252 1044 254 1051 ’
330 1061 399 1136 77.
451 1046 618 1180 Castor
656 1076 699 1137 et
734 1061 919 1137 Pollux.

137 1210 264 1278 ‘Castor
294 1219 329 1277 et
350 1207 474 1276 'Pollux
505 1207 594 1275 lovis
628 1219 662 1277 et
693 1205 808 1274 Ledae
842 1207 896 1275 lilii
930 1206 1068 1275 fuerunt.
1132 1208 1195 1284 Qui
1204 1226 1239 1276 10

79 1317 158 1364 uum
184 1294 391 1363 adamasseut
408 1293 568 1360 Phoeben
593 1305 626 1361 et
646 1294 819 1372 Dianisam‚
842 1293 1000 1382 conjuges
1021 1294 1146 1382 Lyncei
1166 1307 1202 1362 et
1232 1304 1238 1325 ⁸

59 1318 161 1463 ldae,
200 1380 338 1485 Apharei
370 1379 527 1461 filiorum,
570 1390 603 1446 et
633 1380 746 1446 vellent
776 1402 832 1445 eas
862 1402 996 1467 rapere,
1037 1378 1202 1468 Lynceus,

60 1467 168 1533 omnia
193 1488 245 1533 cur
267 1463 396 1533 videndi
418 1477 560 1552 potestus
582 1477 669 1544 erat,
701 1465 793 1531 ldam
819 1464 949 1531 fratrem
975 1465 1200 1549 invindictam

60 1552 248 1632 concitavit,
278 1550 339 1639 qui·
358 1550 457 1619 telum
476 1550 635 1630 habebat,
662 1549 750 1639 quod
775 1549 870 1616 divini
893 1551 948 1618 teli
968 1550 1200 1619 similitudinem

61 1639 218 1724 gerebat,
237 1638 284 1704 ita
304 1646 342 1703 nt
361 1636 463 1703 nullus
483 1647 595 1723 posset
615 1636 691 1702 illud
712 1635 858 1703 evadere.
900 1636 1015 1723 Itaque
1034 1659 1074 1702 eo
1090 1639 1196 1718 misso,
1205 1656 1240 1707 15

61 1722 222 1792 interfecit
243 1722 420 1789 Castorem.
465 1722 638 1810 Quumque
657 1722 724 1810 jam
743 1721 908 1787 Pollucem
929 1722 1019 1788 vellet
1042 1722 1202 1803 occidere,

61 1808 207 1875 ab·Jove
232 1805 362 1874 fulmine
388 1829 561 1896 percussus
594 1819 652 1874 est.
702 1806 816 1872 Pollux
833 1828 938 1886 sero,
970 1807 1080 1874 videns
1108 1831 1203 1874 suum

62 1894 195 1961 fratrem
209 1896 406 1974 mortuum,
440 1890 483 1959 ad
511 1891 631 1957 inferos
659 1891 834 1958 descendit
886 1891 968 1957 Inde
999 1916 1073 1958 cnm
1103 1893 1204 1960 fratre

61 1976 1017 2132 ltttt.uastitatis:llt'tltt‘tlatt
1031 1976 1244 2135 035th

62 2149 235 2221 caelestem
255 2148 411 2217 honorem
431 2148 643 2221 habueruut,
684 2166 688 2179 “
1125 2113 1137 2147 ’

143 2397 145 2401 ,
203 2270 228 2299 '¹
353 2313 421 2390 78.
475 2315 739 2433 Cygnuset
772 2318 918 2397 Leda.

145 2462 312 2552 anpiter,
351 2482 493 2530 amorem
521 2457 636 2528 Ledae
664 2462 793 2549 virginis
823 2462 995 2536 affectans,
1020 2483 1204 2538 ¹conversus
1297 2478 1302 2495 ¹

62 2551 93 2617 in
112 2572 267 2640 cygnum,
288 2548 381 2615 fiuxit
398 2569 435 2614 so
457 2546 572 2633 lugere
593 2548 747 2637 aquilam;
777 2546 836 2614 sed
847 2548 1041 2614 Mercurium
1061 2550 1094 2614 in
1114 2550 1203 2637 aqui-

63 2636 127 2703 lam
153 2634 383 2703 transmutavit.
432 2631 490 2698 Sic
515 2634 547 2699 in
572 2636 698 2720 gremio
725 2634 839 2699 Ledae
865 2647 1032 2721 receptus,
1063 2648 1137 2700 cum
1165 2656 1245 2721 epau
1294 2634 1297 2642 “

63 2744 134 2788 rem
152 2721 280 2799 habuit,
325 2741 386 2786 uae
404 2716 528 2805 peperit
549 2726 661 2803 orum,
685 2720 772 2787 unde
785 2720 858 2788 nati
877 2731 954 2789 sunt
970 2733 1054 2803 tres,
1075 2721 1205 2802 Castor,

63 2805 181 2877 Pollux
202 2818 235 2876 et
256 2743 389 2875 Helena
457 2842 459 2851 ·

503 2971 572 3048 79.
624 2969 760 3074 Apis.

150 3121 269 3190 Refert
291 3117 438 3200 Solinus,
463 3115 551 3206 quod
571 3116 653 3185 inter
672 3118 793 3199 omnia,
839 3142 900 3187 uae
918 3122 1085 3208 Aegyptus
1107 3113 1207 3203 digna

64 3219 243 3277 memoratu
275 3207 395 3285 habet,
459 3204 610 3290 raecipue
644 3207 795 3273 mirentur
817 3143 960 3288 lovem,
1002 3227 1097 3292 quem
1125 3202 1280 3291 spineo.

64 3306 201 3375 vocant,
232 3292 390 3379 insignem
420 3226 512 3355 albae
540 3288 683 3358 maculae
714 3304 806 3372 uota,
862 3315 940 3373 uae,
974 3289 1087 3357 dextro
1115 3286 1206 3355 lateri

65 3381 134 3471 ejus
166 3378 324 3465 ingenita,
353 3374 455 3441 refert
484 3374 697 3446 corniculatae
724 3378 818 3444 lunae
839 3317 967 3445 laniem.
1018 3376 1117 3440 Hunc
1144 3375 1206 3439 Ae.

92 3475 187 3556 yptus
209 3463 250 3529 ad
271 3464 371 3530 instar
391 3460 524 3528 numinis
547 3460 638 3542 colit,
667 3486 707 3527 eo
729 3462 814 3550 quod
839 3463 880 3528 de
902 3460 1013 3528 futuris
1035 3459 1091 3525 det
1109 3482 1207 3546 qnae·

65 3489 141 3618 dam
166 3549 334 3617 manifesta
354 3547 457 3634 signa.
498 3550 768 3636 Apparetautem
788 3547 950 3635 Memphi,
979 3544 1031 3610 cni
1055 3555 1206 3611 statutum

67 3637 160 3718 vitae,
174 3636 311 3725 spatium
334 3647 401 3716 est3
428 3655 502 3698 nam
523 3652 645 3698 mersus
666 3631 826 3720 profundo
848 3633 931 3700 sacri
951 3631 1045 3696 fontis
1064 3640 1249 3708 necatur,35

67 3745 109 3788 ne
137 3720 222 3788 diem
251 3721 378 3809 longius
406 3718 530 3798 trahat,
561 3740 657 3804 quam
685 3719 800 3784 licebit.
851 3716 1029 3801 Mox·alter
1051 3739 1113 3782 non
1135 3716 1208 3804 sine

91 3808 198 3874 ublico
235 3807 323 3873 luctu
358 3804 539 3890 requiritur.
599 3803 699 3871 Hunc
735 3803 852 3872 etenim
887 3812 1016 3871 centnm
1053 3802 1208 3869 antistites
1307 3842 1310 3855 ι

67 3832 232 3981 llemphiu
255 3899 506 3980 prosequuntur,
537 3898 571 3956 et
596 3902 748 3976 repente,
779 3890 863 3957 velut
887 3890 949 3982 lym
974 3888 1088 3968 hatici,
1115 3909 1208 3976 prae-

69 3978 198 4047 cinunt.
230 3976 297 4043 Dat
317 3974 421 4043 omina
441 3974 675 4043 manifestantia
694 3976 736 4044 de
756 3975 880 4043 futuris.
923 3912 1005 4041 Illird
1026 3974 1208 4050 maximum,

69 4064 95 4132 si
123 4061 168 4130 de
184 4061 317 4131 'clientis
344 4082 441 4127 manu
467 4063 573 4127 cibum
600 4064 714 4151 capiat.
762 4062 869 4153 Hujus
899 4061 1010 4150 capitis
1037 4058 1207 4146 imaginem
1216 4076 1251 4127 to

48 4150 128 4218 ‘sibi
150 4149 183 4216 in
208 4168 316 4216 eremo
336 4145 454 4214 Judaei
479 4147 633 4214 lecerunt.
