2632 4658
61 164 140 241 rao
358 120 621 264 ntawss'u.
676 104 770 235 isa.
798 156 930 237 rar.·
1235 42 1244 297 i

1 349 3 356 '
60 366 93 420 et
111 350 288 429 Helenam,
311 346 353 414 dc
373 338 528 436 'Py'ndsro
550 345 721 414 Castorem
736 346 919 435 progenuit
946 344 1062 413 Pollux
1078 356 1193 427 autem,

63 441 201 505 fraterne
220 434 415 522 compatiens
436 430 635 508 mortalitati,
664 431 784 499 inferos
814 454 874 523 pro
898 431 1191 501 nonsummum

62 520 247 601 subeundo,
276 542 350 585 eom
374 518 500 585 interitu
522 516 658 583 redemit
678 517 806 584 vicario.
847 518 1020 669 Quoanprn
1041 517 1194 585 unanimi·

63 608 136 677 tatis
158 606 272 675 merito
294 606 336 671 Ju
360 604 442 694 piter
461 604 494 669 in
515 601 639 668 caelum
658 602 833 683 transtulit,
862 615 939 670 ens
971 603 1074 671 utaria
1092 602 1196 691 migne

35 693 165 761 annulis
188 689 302 759 esaed
346 690 388 772 it;
420 711 518 778 quum
538 687 628 755 stella
649 690 769 755 sororis
789 688 892 755 nautis
912 689 1040 777 signum
1062 687 1106 756 sit
1125 710 1196 791 per·

61 777 229 865 didonis„
255 777 346 852 Quos
383 772 519 841 alterum
548 795 608 860 pro
642 773 743 841 altero
773 796 883 840 manes
911 773 1048 841 vicissim
1080 773 1197 840 adiisse

61 865 206 950 lingitur,
224 860 314 951 quod
338 882 449 925 eorum
469 855 579 925 stellae
600 858 644 924 ita
665 870 740 926 suut
758 860 960 941 constitutae,
982 872 1017 926 ut
1029 857 1197 949 occidente

62 972 145 1027 una,
177 948 298 1015 oriatur
329 944 437 1013 ultera.
480 944 626 1030 'Pempus
655 957 780 1025 antem,
810 942 899 1032 quod
925 945 996 1033 ipsa
1016 942 1197 1025 duraverat,

66 1032 222 1136 Helenam
253 1032 351 1099 luisse
376 1027 733 1133 immortalemrindicat.
786 1030 924 1098 Constat
945 1029 1055 1133 euim,
1084 1028 1198 1097 fratres
1242 1092 1244 1109 ,

26 1113 1199 1289 llll,thille?tlt,,ltrolittlllllalttt‘hllt
1241 1134 1244 1289 l

66 1289 255 1357 interfuisse.
292 1286 386 1373 Ergo
400 1286 426 1351 ai
439 1283 621 1353 immortalis
636 1284 760 1351 Helena
775 1306 838 1351 uon
857 1285 978 1365 luisset,
998 1296 1048 1353 tnt
1061 1283 1199 1353 sinedu-
1242 1302 1244 1317 ¹

66 1376 121 1443 bio
140 1372 275 1443 saeculis
298 1371 415 1437 durare
436 1392 498 1435 nou
521 1368 684 1457 potuisset.
726 1372 823 1436 Hanc
843 1392 998 1461 namque,
1019 1370 1199 1459 priusquam

68 1458 212 1527 Menelao
236 1457 390 1537 nuberet,
418 1479 438 1522 a
462 1454 594 1521 Theseo
616 1454 751 1539 legimus
773 1468 917 1545 raptam,
947 1467 981 1523 et
1000 1455 1033 1521 iu
1051 1458 1199 1547 Aegypto

29 1544 191 1631 tpProteo
212 1566 285 1611 esse
308 1537 571 1609 commendatam.
616 1540 717 1630 Cujus
737 1540 844 1622 stella,
866 1542 987 1609 Urania
1007 1538 1113 1622 dicta,
1134 1564 1199 1609 ma-

68 1630 133 1719 lum
162 1628 347 1733 perhibetur
374 1646 490 1692 casare
517 1637 551 1692 et
582 1624 670 1691 naris
698 1624 762 1692 ima
787 1623 999 1715 pertundere,
1030 1636 1123 1697 tantu
1153 1628 1198 1693 in-

69 1712 172 1781 cendit
200 1716 343 1800 flagrans
373 1710 506 1790 ardore,
538 1720 575 1778 ut
601 1732 659 1777 aes
688 1708 753 1777 hoc
777 1708 916 1781 'solvatur
935 1710 1052 1779 calore.
1095 1714 1200 1790 Quam

68 1823 166 1953 poam
188 1813 305 1866 nautae
325 1796 396 1865 navi
420 1793 608 1863 insidentem
638 1793 859 1880 considerant,
888 1819 926 1866 re
951 1796 1110 1888 perituros
1138 1821 1199 1867 uon

93 1887 222 1955 ubitant

28 2086 64 2135 20
276 2042 369 2129 155.
423 2006 635 2123 Theseus
670 2057 714 2121 st
746 2044 998 2121 Pirithous.

152 2174 302 2243 Theseus
325 2185 357 2242 et
379 2174 562 2253 Pirithous,
591 2194 674 2239 unus
696 2172 738 2237 de
758 2172 921 2261 Lapithis,
949 2172 1034 2241 lacta
1056 2174 1200 2265 conjura-

71 2259 174 2341 tione,
206 2261 284 2327 filias
306 2260 392 2325 Jovis
414 2282 530 2325 uxores
557 2256 693 2337 ducere,
714 2256 845 2325 Theseo
867 2257 1040 2338 Helenam,
1060 2260 1149 2329 Joris
1170 2273 1202 2329 el

71 2344 184 2411 Ledae
203 2345 316 2426 liliam,
339 2344 446 2411 adhuc
468 2365 594 2433 parram
616 2352 808 2432 rapuerunt,
830 2356 863 2411 et
875 2344 907 2409 in
920 2349 1067 2435 Aegypto
1082 2346 1201 2415 Proteo

72 2431 381 2497 commendaverunt.
424 2431 532 2505 Quum
563 2439 686 2511 antem,
715 2451 799 2517 quae
822 2429 967 2496 Pirithoo
990 2431 1201 2518 copularetur,

30 2520 136 2590 25non
163 2516 354 2595 invenirent,
385 2516 661 2604 conspiraverunt,
690 2525 727 2581 ut
753 2526 884 2603 propter
905 2514 1202 2603 Proserpinamra-

73 2599 221 2704 piendam
255 2603 374 2704 inlesos
409 2599 543 2666 adirent.
604 2599 677 2700 Quo
715 2599 818 2675 facto,
855 2598 972 2667 ibidem
1005 2600 1204 2690 deprehensi,

2 2789 5 2799 ·
73 2684 648 2857 ffliriulhuithhclibeidlthh,dirimpiaiis
676 2684 1204 2858 gnbrtbbrpibhi'ibirdritihhiehii),

74 2877 149 2943 pars
180 2858 220 2922 ah
249 2854 392 2921 Hercule
420 2855 573 2943 decerpta
610 2854 856 2921 abstraheretur.
907 2854 976 2921 Sed
1004 2868 1117 2925 contra
1135 2860 1204 2925 Vir-

32 2941 186 3029 gogilius:
225 2941 345 3020 Sedet,
370 2952 616 3027 aeternumque
639 2936 769 3003 sedebit
789 2938 921 3028 infelix
948 2938 1108 3013 theseos.
1152 2944 1207 3012 Sic

75 3027 260 3117 plerumque
282 3048 302 3093 a
322 3026 426 3116 poetis
446 3024 605 3092 variantur
627 3021 762 3091 subulae.

399 3189 492 3267 134.
544 3187 763 3264 Athamas
801 3216 892 3264 rex.

160 3320 310 3390 Athamas
331 3341 406 3400 rex,
424 3318 513 3389 Aeoli
531 3316 631 3396 lilius,
652 3317 782 3384 Crethei
803 3316 911 3397 irater,
933 3318 1208 3403 uxoremNuhem

79 3407 127 3475 rel
148 3407 315 3496 Nephelen
343 3419 488 3473 vocatam
519 3402 646 3480 hahuit,
688 3400 731 3466 de
758 3422 822 3490 qua
851 3403 1004 3471 Phrixum
1033 3421 1066 3473 et
1093 3406 1210 3473 Hellen

37 3521 72 3568 35
80 3497 229 3582 suscepit.
272 3495 378 3567 Quum
399 3492 500 3579 igitur
520 3489 652 3566 Nubes,
672 3486 794 3553 insania
813 3486 924 3554 Liberi
945 3488 1042 3576 patris
1062 3491 1211 3571 excitata,

80 3579 186 3649 silvam
206 3590 348 3667 peteret,
365 3600 427 3645 nec
447 3576 490 3644 ad
513 3574 612 3639 larem
637 3573 738 3640 mariti
758 3595 903 3640 remeare
924 3574 1033 3654 vellet,
1054 3576 1124 3643 liliis
1146 3577 1212 3643 suis

78 3665 228 3730 Athamas
263 3664 450 3766 superduxit
477 3682 664 3741 novercam,
695 3658 827 3725 Inonem
857 3670 1091 3746 nuncupatum
1129 3684 1214 3750 quae

79 3749 237 3815 novercali
259 3750 335 3815 odro
355 3749 464 3837 pueris
495 3746 624 3814 exitium
656 3744 861 3826 machinans,
896 3756 1079 3813 matronatus
1112 3747 1212 3835 petiit,

59 3842 116 3901 'ut
132 3835 290 3900 frumenta
311 3833 447 3899 serenda
464 3840 715 3918 corrumperent.
764 3830 838 3904 Quo
871 3829 978 3909 facto,
1012 3831 1114 3903 sames
1143 3844 1216 3901 crte

40 3931 139 3991 tuest.
183 3919 290 3994 Quum
327 3931 432 3985 autern
465 3918 508 3985 ad
535 3916 708 4005 Apollinem
738 3914 917 3983 consultum
937 3915 1046 3982 civitas
1068 3917 1213 3999 misisset,

82 4006 140 4072 loo
170 4028 261 4079 eum,
290 4003 343 4088 qni
370 4003 482 4070 missus
514 4014 603 4079 erat,
637 4010 673 4065 ut
693 4000 845 4081 referret,
874 4002 915 4067 ab
935 4001 1064 4069 oraculo
1084 4001 1214 4082 dictum,

84 4087 201 4156 Nimia
211 4086 315 4173 filios
336 4088 574 4153 immolandos.
613 4084 687 4173 Ipsa
710 4107 847 4173 namque
868 4084 988 4153 dictum
1011 4087 1139 4168 habuit,
1159 4111 1216 4161 eos

84 4175 242 4242 l'rumenta
274 4171 462 4241 incendisse.
523 4171 624 4240 Pater
661 4193 737 4236 vero
773 4170 885 4240 timeus
920 4172 1027 4261 populi
1058 4162 1217 4256 iuvidiam,
