2632 4658
145 163 224 239 172
419 166 608 272 Mythogr.
636 166 708 282 ΙΙΙ.
729 170 747 233 ·'
762 168 803 244 ll·
840 116 873 255 T5
889 210 934 227 ···
949 169 1007 245 ti.

146 354 240 426 etiam
270 364 361 423 aetus
391 353 569 433 hominum,
602 352 818 423 ut-luxuriam
845 368 880 424 st
909 378 1055 424 venerem
1084 356 1171 427 luter
1201 356 1280 425 deos

145 452 340 507 venerantes
393 441 451 507 Sic
487 462 616 528 quoque
650 440 812 529 religionis
851 444 1048 531 superstitio
1070 455 1185 511 exorta
1221 446 1279 511 est

144 525 222 591 Hoc
248 537 355 592 autem
383 525 432 601 rel
460 526 502 591 ab
530 524 678 604 aniculis,
716 527 796 595 ultra
825 528 1087 596 consuetudinem
1119 530 1278 596 humanae

28 628 33 649 1
148 611 230 676 vitae
242 611 472 698 superstitibus,
487 621 569 677 teste
582 610 703 690 Servio,
722 615 909 681 vocabulum
924 625 1062 682 sumtum
1075 624 1135 681 est
1155 616 1277 681 Uarum

120 696 231 759 neuim
259 696 327 784 jam
362 694 595 785 decrepitorum
626 706 660 763 et
687 716 750 848 -per
780 700 904 765 nimiam
936 712 1073 769 aetatem
1106 699 1275 767 delirarum

145 800 262 928 promas
294 779 335 845 de
363 780 543 865 huiusmodi
569 781 687 846 numiui
711 806 747 849 us
766 783 960 851 inventiones
985 786 1083 851 luisse
1107 784 1274 852 eredimus.

177 865 204 928 el
234 864 410 932 secundum
443 865 686 932 Lucretium-a
719 869 818 935 rebus
848 872 1119 958 superstantibus,
1157 870 1192 937 id
1229 883 1274 939 est
1306 934 1308 947 ,

146 951 334 1017 caelestibus
364 964 396 1019 et
425 949 552 1033 divinis,
589 973 723 1039 quarum
751 976 857 1022 rerum
877 956 978 1022 inanis
998 957 1144 1024 timeret
1165 979 1272 1045 super·
1305 962 1308 1079 p

45 1101 46 1104 ,
145 1037 248 1113 fluns,
275 1061 313 1102 su
337 1037 458 1105 erstitio
478 1036 692 1126 appellatum·
974 1068 997 1099 ·.
1306 1090 1308 1095 .

102 1136 139 1183 ro
228 1121 260 1185 3.
303 1061 420 1195 [lesert
448 1123 543 1188 etiam
573 1121 831 1211 'felinas-quod
861 1123 1001 1213 suscepit
1027 1123 1088 1193 rita
1114 1122 1270 1191 hominum
1306 1152 1308 1197 ξ

144 1205 409 1295 consuetudoque
436 1208 629 1289 communis,
659 1220 696 1274 ut
726 1207 886 1276 beneficiis
915 1205 1105 1277 excellentes
1136 1209 1220 1275 viros
1242 1210 1269 1275 in
1305 1204 1308 1231 ¹

143 1292 265 1356 caelum
288 1292 371 1358 fama
391 1315 432 1359 ac
451 1292 613 1360 voluntate
632 1293 787 1361 tollerent.
828 1296 931 1373 Hine,
962 1297 1078 1382 inquit,
1102 1295 1267 1375 Hercules,
1304 1258 1308 1365 l

61 1448 64 1458 ¹
142 1377 217 1442 hino
238 1378 358 1443 Castor
376 1389 409 1445 et
431 1378 564 1458 Pollux,
586 1379 664 1446 hinc'
672 1379 877 1466 Aesculapius
895 1380 1129 1447 deificationem
1150 1403 1267 1446 merue-
1306 1380 1308 1431 ἱ

143 1472 225 1527 runt.
265 1462 387 1529 Postea
412 1473 519 1530 tamen
548 1465 634 1551 apud
662 1464 867 1530 Athenienses
897 1476 929 1533 et
949 1466 1116 1533 Romanos
1138 1478 1266 1533 ¹cautum
1306 1496 1308 1517 ÷

100 1558 201 1625 toest,
223 1569 264 1612 ne
287 1549 357 1635 quis
377 1570 473 1615 noras
495 1547 714 1614 introduceret
732 1549 911 1636 religiones.
949 1551 1046 1617 Unde
1066 1562 1107 1618 et·
1120 1553 1266 1618 Socrates
1304 1526 1308 1679 l

142 1630 309 1698 damnatus
344 1644 411 1715 est,
454 1644 488 1699 et
518 1633 634 1699 ludaei
673 1633 722 1698 rel
756 1634 909 1702 Chaldaei
941 1639 983 1703 ab
1019 1638 1102 1704 urbe
1120 1680 1124 1685 -
1139 1636 1266 1727 depulsi.

141 1718 227 1783 Hinc
249 1718 402 1804 Virgilius
420 1716 584 1806 eleganter
602 1719 634 1784 in
656 1718 753 1787 Vlllt
1017 1756 1019 1761 ·

572 1804 654 1871 Non
693 1802 776 1868 leaeo
813 1803 997 1872 sollemnia
1031 1803 1130 1870 nohis

224 1887 334 2038 [Vana
358 1890 563 1976 superstitio
582 1900 778 1956 veterumve
799 1888 930 1976 ignara
950 1890 1092 1955 deorum

96 1989 135 2038 20
245 1997 279 2036 m
304 1974 407 2039 osuit.
518 2000 520 2009 ·
703 1996 707 2006 ’

137 2057 213 2121 Duo
237 1997 375 2146 nahque
397 2057 489 2124 dicit:
519 2057 729 2145 nequeenim
752 2055 799 2123 rel
818 2055 913 2134 ideo,
941 2058 995 2136 ait,
1019 2058 1197 2126 Herculem
1214 2082 1263 2125 co·

130 2142 245 2223 limus,
267 2145 341 2231 quia
363 2165 489 2209 omnem
509 2141 694 2227 religionem
716 2163 824 2207 veram
868 2157 1004 2224 utamus,
1025 2142 1073 2207 rel
1095 2146 1172 2231 quia
1190 2144 1263 2211 deos
1305 2114 1308 2205 l

135 2228 322 2312 ignoramus
344 2230 501 2316 antiquos.
543 2227 641 2302 Quod
656 2227 820 2319 Nymphas
840 2167 992 2315 Neptuno
1015 2226 1174 2309 dedicant,
1200 2231 1263 2319 ipsa
1306 2228 1308 2293 ζ

136 2313 269 2381 nominis
287 2314 480 2403 etymologia
502 2335 600 2378 causa
616 2323 675 2380 est.
709 2313 877 2402 Nymphae
893 2313 974 2378 enim
989 2312 1079 2401 qussi
1095 2314 1264 2402 lymphas,
1306 2338 1308 2355 ¹

92 2421 128 2469 25
137 2397 170 2462 id
200 2409 250 2465 est
277 2422 390 2488 aquae
415 2399 522 2466 dictae
543 2407 624 2465 sunt
667 2397 889 2501 Nympharum
910 2421 985 2465 vero
1007 2399 1090 2463 hanc
1111 2399 1169 2467 dat
1192 2402 1263 2465 Ser-

137 2484 203 2551 vius
224 2483 444 2551 differentiam.
486 2483 644 2571 Najades,
677 2485 795 2572 inquit,
826 2483 908 2549 deae
938 2483 1088 2550 dicuntur
1116 2485 1263 2566 fontium3
1307 2553 1308 2565 ,

134 2577 201 2634 nais
224 2571 307 2635 enim
330 2593 424 2657 aqua
444 2569 577 2650 dicitur3
605 2568 751 2635 Oreades
773 2570 942 2651 montium3
969 2567 1045 2655 ὅρος
1066 2569 1150 2635 enim
1172 2592 1264 2634 mom

132 2656 376 2755 interpretatur;
397 2653 554 2743 Dryades·
571 2652 716 2719 silvarum
739 2653 836 2736 deac;
862 2656 941 2740 dorio
963 2676 1100 2740 namque
1120 2677 1264 2743 quercus

133 2753 235 2806 sonat.
276 2738 373 2805 Unde
396 2752 429 2805 et
447 2738 674 2827 Amadryades,
695 2739 802 2827 idest
820 2750 977 2801 amantes
999 2761 1163 2826 quercus,
1184 2760 1264 2827 quac

90 2821 295 2903 sovidelicet,
326 2833 364 2891 ut
391 2825 435 2891 ait
456 2824 658 2911 Aristoteles,
680 2846 753 2890 curn
769 2825 936 2889 arboribus
960 2835 1133 2890 nascuntur
1155 2836 1189 2891 et
1210 2845 1264 2911 pe·

129 2920 234 2977 reuut.
275 2909 374 2976 Muris
395 2931 472 2985 vero
505 2907 587 2975 deae
622 2909 778 2976 Nereides
810 2932 831 2976 a
863 2909 991 2989 Nereo,
1029 2907 1092 2974 deo
1129 2911 1262 2988 marino,

130 2994 246 3061 dictae.
288 2995 401 3063 Ventis
422 3018 550 3084 quoque
571 2995 741 3082 Neptunus
764 3016 914 3083 praeesse
936 2992 1067 3075 dieitur,
1097 2994 1188 3083 quod
1215 3017 1263 3061 se·

130 3081 271 3147 cundum
319 3080 445 3169 hysicos
468 3092 556 3147 motu
577 3104 681 3168 aquae
702 3095 814 3147 ventus
837 3090 973 3146 creatur.
1273 3104 1277 3119 ¹

44 3232 48 3243 ,
215 3167 246 3232 4.
325 3170 439 3234 abetur
454 3165 486 3231 in
502 3166 627 3245 sabula,
649 3165 736 3254 quod
758 3189 855 3255 quum
875 3165 1045 3251 Neptunus
1066 3172 1100 3230 et
1119 3162 1263 3229 Minerva

88 3251 172 3316 esde
200 3252 395 3319 Athenarum
421 3252 549 3317 nomine
580 3251 828 3332 contenderent,
867 3250 985 3337 placuit
1016 3249 1093 3328 diis,
1130 3260 1169 3315 ut
1196 3247 1263 3337 ejus

129 3339 257 3403 nomine
278 3337 386 3404 civitas
410 3335 587 3417 diceretur,
618 3338 670 3424 qui
696 3335 808 3403 melius
829 3357 942 3401 munus
964 3334 1149 3402 mortalibus
1171 3335 1264 3400 obtu-

128 3424 216 3493 lisset
268 3422 364 3491 'l'uno
385 3420 554 3508 Neptunus
576 3422 847 3509 percussolitore
874 3442 1007 3507 equum,
1040 3418 1154 3485 animal
1184 3418 1263 3485 bello

129 3523 256 3596 aptum,
279 3505 448 3593 produxit3
481 3509 625 3574 Minerva
651 3509 736 3593 iacta
765 3507 856 3582 hasta
877 3507 990 3571 olivam
1011 3504 1149 3584 creavit;
1182 3525 1266 3592 quae

128 3616 180 3659 res
209 3592 319 3660 melior
348 3596 555 3682 comprobata
582 3607 648 3668 est,
687 3607 721 3661 ut
747 3594 836 3681 pacis
870 3592 1006 3677 insigne.
1032 3591 1171 3664 -Quare
1204 3587 1265 3654 des

87 3692 223 3745 ausuum
252 3702 368 3745 nomen
397 3680 470 3745 urbi
498 3678 604 3761 dedit3
637 3676 777 3765 Ἀθηνᾶ
809 3677 892 3743 enim
924 3688 956 3742 et
975 3675 1120 3742 Minerva
1148 3673 1265 3755 eadem

128 3777 194 3841 est,
217 3776 249 3832 et
270 3777 444 3851 utrumque
465 3787 581 3831 nornen
599 3763 850 3830 immortalitas
867 3764 1101 3848 interpretatur.
1133 3759 1264 3847 Equum

127 3860 236 3915 autem
258 3872 277 3916 a
299 3849 451 3936 Neptuno
473 3850 677 3938 progenitum
704 3849 755 3915 alii
775 3848 972 3935 Sciathum,
1004 3846 1055 3913 alii
1077 3846 1265 3925 Chironem,

127 3933 177 4000 alii
205 3936 353 4000 Arionem
382 3934 497 4009 volunt,
551 3935 635 4002 Sunt
668 3956 750 4021 ergo
781 3934 941 4011 Athenae,
978 3943 1015 3998 ut
1032 3953 1108 4018 ¹ego
1140 3931 1265 4020 accepi,

126 4041 229 4108 prope
257 4021 329 4087 litus
358 4021 455 4086 maris
483 4021 574 4087 sitae.
617 4018 715 4088 Unde
744 4029 778 4085 et
810 4020 904 4106 regio
933 4015 1084 4104 adjacens
1105 4017 1147 4081 ab
1170 4011 1265 4103 ἀκτή,

85 4104 214 4193 raquod
237 4105 308 4197 litus
329 4106 575 4192 interpretatur,
595 4107 686 4172 Acte
712 4101 761 4168 vel
782 4105 927 4179 Attica,
958 4103 1082 4190 ipsique
1092 4102 1266 4169 Athenien-

127 4215 179 4258 ses
200 4190 319 4257 Attici
341 4203 576 4280 nuncupantur.
621 4192 704 4259 Esse
726 4199 834 4257 autem
856 4199 890 4254 et
905 4200 1038 4255 terrum
1065 4187 1149 4257 illam
1180 4186 1268 4256 olivis
1293 4216 1296 4223 ·
