2632 4658
136 152 215 230 rso
411 134 696 253 nynopssrn.
750 142 1014 230 o.„r-s.·
1253 93 1301 211 ·l

51 392 56 405 ,
223 336 369 403 Centum
389 341 512 398 errant
530 354 652 413 annos,
666 333 884 425 volitantque
904 336 989 403 liaeo
1009 334 1121 407 litora
1134 338 1268 406 circum.
1309 362 1310 401 1

139 420 237 499 erod
258 442 333 486 vero
355 418 397 484 de
420 419 525 506 Styge
545 417 681 504 legitur:
853 480 857 497 ,
954 484 957 489 ,

223 505 277 570 Dt
294 502 394 587 cujus
413 503 542 589 jurare
571 503 695 567 timent
727 511 764 565 et
786 499 920 584 saltere
949 527 1077 569 numen
1100 539 1143 557 -

16 655 17 659 ,
140 590 315 660 secundum
328 587 449 655 labulas
460 584 534 651 ideo
547 598 606 664 est,
632 583 719 673 quod
730 584 846 661 dicitnr
857 588 1009 670 Victoria,
1027 590 1141 679 Stygis
1151 590 1224 669 lilla,
1241 594 1267 657 in

115 678 222 746 obello
259 676 446 762 Gigantum*
460 672 532 737 Jori
569 672 699 751 favisse;
737 693 795 758 pro
825 673 915 762 cujus
944 676 990 741 rei
1019 678 1268 745 remuneratione

85 828 88 835 ,
139 764 290 852 luppiter
320 760 350 824 ei
378 758 506 835 tribuit,
536 766 573 822 ut
601 779 659 844 per
691 754 760 844 ejus
786 770 920 825 matrem
938 760 981 826 dii
1000 758 1147 863 jurantes
1167 763 1267 830 fallere

142 873 204 913 non
226 847 382 921 audeant,
414 842 477 908 bac
496 864 601 929 poena
621 844 811 915 constituta,
838 855 875 910 ut
901 845 928 911 si
957 864 1028 933 quis
1058 845 1127 934 ejus
1143 870 1267 927 ¹nomon

142 933 319 1010 fefellisset,
354 951 418 994 nno
450 949 532 993 anno
560 939 593 994 et
613 926 662 992 IX
683 926 795 994 diebus
817 929 994 997 ambrosiae
1014 942 1148 999 nectare
1162 936 1266 1021 probi-

141 1022 281 1099 berotur.
323 1012 393 1101 Ros
415 1024 522 1079 eutem
540 1012 696 1079 tantillum
712 1023 769 1080 est.
806 1014 887 1103 Styx
907 1037 1087 1083 maerorem
1105 1019 1266 1121 significat

100 1104 238 1171 10Dicta
262 1111 311 1169 est
333 1099 414 1165 enim
437 1120 458 1162 a
477 1100 618 1185 oooys‘u,
647 1097 751 1164 idest
773 1120 792 1163 n
815 1101 980 1166 tristitia.
1018 1102 1073 1169 Dii
1097 1126 1183 1170 ennn
1202 1105 1266 1171 laeti
1293 1132 1298 1167 s

141 1200 214 1257 sunt
231 1198 377 1275 semper3
407 1181 493 1250 unde
523 1194 557 1248 et
583 1182 776 1249 immortales
804 1206 898 1263 sane,
934 1186 988 1274 qui
1012 1209 1195 1255 moerorem
1214 1214 1266 1257 non
1295 1192 1298 1203 '

140 1275 295 1351 sentiunt,
324 1282 383 1359 per
409 1291 477 1334 rem
499 1280 632 1335 naturae
652 1290 732 1336 suac
754 1270 943 1351 contrariam
960 1271 1090 1372 jurant3
1123 1274 1200 1342 ideo
1228 1277 1267 1367 ju·

140 1370 318 1426 ramentum
347 1376 405 1443 per
433 1354 664 1420 execrationem
692 1354 820 1422 babent
861 1355 946 1423 Nam
960 1357 1185 1447 jusjurandum
1203 1385 1266 1451 pro-
1294 1370 1298 1417 ;

142 1446 227 1534 prie,
256 1443 314 1509 diis
343 1436 489 1507 alicunde
508 1440 643 1515 testibus
668 1440 838 1521 invocatis,
868 1463 1023 1529 prospera
1044 1454 1175 1532 optare,
1202 1470 1266 1515 oxe-

101 1532 243 1599 15cratio
271 1548 346 1593 vero
376 1524 510 1590 adversa
539 1524 717 1612 deposcere
746 1535 804 1591 est.
839 1526 945 1601 'Quod
977 1538 1083 1595 autem
1114 1532 1269 1607 Victorino,

142 1626 244 1683 mater
266 1614 364 1702 Styx,
384 1610 417 1675 id
440 1619 489 1675 est
510 1609 664 1674 tristitia
685 1608 772 1675 dicta
792 1610 848 1692 sit,
872 1613 915 1679 ob
936 1613 999 1679 boc
1015 1615 1127 1683 fiotum
1142 1615 1266 1695 ridetur,
1295 1666 1300 1689 .

61 1770 66 1780 ,
143 1700 229 1790 quod
256 1700 288 1765 in
317 1694 539 1767 certaminibus
569 1694 769 1782 diligentiore
798 1699 993 1785 magisque,
1021 1711 1059 1767 ut
1086 1701 1133 1767 ita
1161 1702 1266 1785 dicon,
1294 1702 1299 1723 ‘

144 1788 237 1853 anxia
268 1779 477 1850 sollicitudine
511 1777 667 1860 adhibita,
702 1781 846 1849 vincendi
879 1785 961 1853 ratio
984 1787 1187 1873 praesentior
1208 1801 1267 1881 “est

143 1873 217 1960 quia
237 1872 331 1936 abre
351 1889 413 1932 neo
434 1866 497 1931 hoc
516 1864 651 1930 alienum
673 1876 731 1933 est.
832 1936 838 1945 ,
1297 1934 1300 1941 ,

101 1980 139 2029 no
221 1956 405 2023 Doriscon
428 1948 635 2034 lactescit,
661 1950 809 2038 defensa
836 1963 888 2015 est
909 1952 994 2017 Ilios
1014 1953 1127 2019 armis
1135 1978 1149 2033 ς
1181 1960 1185 1965 ’
1297 1954 1301 2023 l

301 2033 479 2104 Militibus
498 2035 690 2121 gravidum
711 2035 806 2101 lactc
826 2037 958 2124 recepit
976 2039 1106 2125 equum.

142 2127 270 2194 Dicitur
290 2135 396 2191 tamen
418 2120 532 2186 eadem
555 2121 635 2209 Styx
656 2119 790 2186 deorum
811 2132 843 2186 et
863 2122 967 2189 nutrix
988 2134 1022 2190 et
1042 2123 1181 2212 hospite,
1224 2123 1267 2189 uia

144 2212 188 2277 dii
218 2212 260 2276 de
289 2190 382 2275 teiris
409 2228 467 2307 per
493 2206 734 2294 purgationem,
771 2228 867 2293 quam
895 2208 976 2297 Styx
1003 2208 1091 2297 apud
1121 2147 1268 2299 quosdam

115 2366 121 2378 f
143 2297 317 2383 theologos
338 2293 514 2378 significat,
546 2289 684 2357 caeleste
706 2293 898 2358 consortium
918 2305 1110 2361 meruerunt

101 2387 138 2436 ²⁶
229 2384 259 2449 4.
302 2375 505 2464 Phlegethon
528 2399 546 2441 a
570 2370 669 2477 φλόξ,
689 2375 723 2441 id
751 2389 799 2444 est
812 2377 966 2468 flanona
988 2380 1092 2447 dictrrs
1114 2388 1175 2447 est.
1216 2381 1270 2447 Est

144 2469 228 2535 enim
257 2477 344 2533 totns
365 2462 479 2549 ignens
502 2462 642 2527 ambiens
671 2461 846 2542 infernum,
873 2462 1006 2533 ardores
1026 2465 1147 2551 irarum
1168 2476 1201 2533 et
1221 2488 1271 2531 on-

143 2553 328 2704 piditatum,
348 2550 468 2635 quibus.
482 2546 610 2613 humani
636 2546 856 2613 accenduntur
876 2550 985 2629 animi,
1018 2551 1161 2637 figurate
1180 2550 1272 2638 signi-
1299 2550 1310 2811 p

155 2662 252 2704 scans.
295 2636 392 2703 Hunc
413 2645 519 2699 tamen
540 2632 594 2720 qni
616 2629 706 2698 altius
730 2633 872 2722 sapuisse
895 2635 1058 2717 videntur,
1084 2635 1179 2727 hujus
1197 2637 1272 2703 inle-

143 2724 236 2789 rioris
258 2720 339 2789 aeris
374 2729 521 2784 naturam
549 2715 710 2782 turbidam
743 2730 777 2786 et
798 2721 1014 2808 corpulentam
1028 2723 1184 2808 *figurare
1208 2744 1274 2825 per-

103 2810 271 2890 solerent,
310 2825 393 2891 quae
432 2802 577 2869 videlicet
614 2815 766 2885 concreta
797 2817 846 2872 est
876 2806 953 2893 igne
988 2806 1030 2872 de
1062 2808 1273 2896 superioribus

145 2905 269 2975 tracto,
301 2903 335 2956 et
356 2911 439 2976 aqua
459 2886 503 2952 de
522 2888 723 2955 inferioribus
750 2890 882 2971 hausta,
917 2917 956 2959 ex
984 2892 1099 2979 quibus
1124 2899 1182 2958 aiir
1202 2893 1273 2960 den-

144 2979 240 3046 sescit
268 2988 301 3044 et
320 2975 530 3052 incrassatur,
562 2973 594 3038 in
616 2997 679 3062 quo
701 2978 897 3063 peccatrices
920 2975 1043 3045 animae
1066 2979 1202 3066 pnrgari
1222 3002 1277 3081 puJ

144 3077 260 3145 tantur.
300 3058 450 3127 Eundem
471 3058 740 3146 Phlegethontem
761 3062 916 3141 nonnulli,
945 3063 999 3152 qui
1026 3086 1047 3129 a
1068 3065 1167 3139 caelo,
1183 3066 1274 3130 inler-

145 3175 220 3216 num
248 3149 308 3215 inoi
333 3169 388 3211 ere
420 3156 603 3224 autumant,
635 3147 747 3216 Martis
780 3148 931 3216 circulum
965 3148 1092 3228 dicunt,
1129 3150 1214 3216 sicut
1247 3162 1275 3215 et

104 3255 139 3301 35
147 3259 276 3323 campos
327 3232 432 3321 lysios,
454 3254 534 3380 ‹puos
552 3230 637 3317 apud
660 3232 779 3301 inleros
802 3235 908 3300 sabula
932 3236 1104 3314 constituit,
1126 3235 1276 3323 circulum

144 3322 231 3388 Jovis
252 3341 323 3385 esse
344 3328 458 3383 conten
484 3325 548 3381 unt.
590 3316 648 3381 Alii
668 3327 791 3398 tamen,
818 3331 853 3386 ut
875 3322 918 3385 ait
940 3322 1088 3399 Servius,
1116 3320 1274 3388 in‘insnlis
1306 3316 1310 3397 ,¹

146 3406 312 3473 fortunatis
332 3402 457 3491 Elysios
479 3424 551 3467 esse
573 3398 726 3485 credunt3
758 3398 853 3480 λύσις
883 3418 989 3471 autem
1014 3404 1180 3470 resolutio
1202 3407 1274 3472 dici-

145 3505 214 3570 tur,
247 3484 335 3579 quod
365 3486 509 3554 videlicet
538 3485 599 3553 illic
626 3491 766 3573 animae,
801 3490 931 3557 maculis
971 3490 1077 3557 carnis
1110 3492 1275 3566 resolutae,

147 3576 340 3643 beatitudine
362 3574 482 3661 perfrui
504 3584 662 3660 putantur.
1306 3642 1310 3659 ,

105 3672 140 3721 to
230 3664 261 3727 5.
301 3661 405 3725 Porro
427 3658 469 3724 de
490 3659 600 3747 poenis
621 3655 825 3725 infernalibus
848 3673 1065 3750 competentes
1085 3659 1193 3728 reddit
1213 3662 1277 3727 Ln-
1306 3664 1310 3683 ¹

145 3748 262 3813 cretius
282 3745 439 3824 rationes3
469 3756 501 3809 et
527 3766 609 3831 quae
634 3743 675 3808 de
695 3744 803 3823 inferis
824 3745 1008 3834 finguntur,
1037 3746 1197 3899 omninptin
1219 3745 1278 3813 rito
1308 3748 1310 3805 l

145 3843 268 3898 nostra·
286 3853 359 3896 esse
391 3831 565 3896 confirmat.
606 3829 695 3895 Dicit
725 3852 878 3922 namque,
914 3833 1064 3922 Tityum,
1102 3855 1142 3901 vu
1171 3832 1276 3898 nribus

141 3921 234 4009 jecur
253 3911 433 3981 laniandum
462 3914 606 3992 dantem,
638 3937 780 3982 amorem
811 3940 903 4000 esse,
940 3919 1003 3985 hoc
1031 3926 1080 3983 est
1107 3917 1277 3996 libidinem,
1308 3936 1310 3987 !

148 4027 231 4091 qliae
251 4002 295 4070 ita
316 3999 491 4067 secondum
520 4001 667 4091 physicos
689 4000 866 4091 injecere,
894 4005 976 4071 sicut
1004 4004 1085 4070 risus
1108 4004 1141 4068 in
1162 4004 1278 4093 splene,

106 4087 368 4163 45i1·acundiain
399 4085 470 4151 felle
497 4097 554 4152 est.
595 4083 691 4161 Unde
724 4098 756 4161 et
780 4089 875 4177 jecur
903 4113 1032 4155 exesum
1062 4113 1082 4154 a
1104 4088 1230 4156 vulture
1249 4090 1278 4154 in

149 4196 284 4266 poenam
313 4172 437 4239 renasci
466 4168 588 4241 dicitnr.
641 4171 769 4240 Etenim
798 4196 835 4240 re
863 4174 961 4243 semel
987 4185 1133 4265 peracta,
1165 4176 1280 4244 libidini
