2632 4658
127 161 205 239 riu
275 136 278 149 '
405 163 588 267 olymp.
616 161 698 235 rn-
724 154 1070 236 «ιε-113.»
1173 160 1177 165 ·

508 344 599 421 115.
652 346 878 423 Minerva.

210 470 352 541 Minerva
384 471 551 563 aliquando
581 475 664 543 tibiis
696 473 729 539 in
758 471 918 541 consortio
952 467 1084 551 deorum
1117 470 1261 567 capente,

132 558 189 642 dii,
209 559 369 627 intuentes
386 560 520 645 buccam
542 559 610 649 ejus
626 560 762 649 turpiter
779 561 930 636 inllatam,
952 551 1261 643 coeperuntrrdere
1303 570 1306 583 ⁴

126 646 203 726 llla,
231 642 306 732 quid
337 642 495 724 riderent,
519 645 690 731 ignorans,
723 644 766 711 ad
794 642 972 712 'tl-ironiam
998 636 1145 729 paludem
1167 635 1261 710 veuit,

104 730 238 819 cibique
275 728 428 795 labiorum
468 744 598 797 suorum
639 743 805 819 turgorem
839 728 968 805 intuita,
1010 724 1104 823 pibias
1136 720 1282 815 abjecit..

130 816 221 890 Quas
253 814 380 903 Marsya
410 815 591 897 inveniens,
624 814 680 883 illis
709 814 826 881 utendo
861 814 894 879 in
923 820 1047 878 tantum
1075 810 1181 895 faetus
1214 816 1263 872 est

32 963 36 975 ‚
128 901 269 988 peritus,
307 912 342 967 ut
374 898 504 988 Apollini
537 924 574 967 se
604 912 814 990 compararet.
864 900 948 965 (lum
984 917 1048 983 quo
1077 916 1176 983 quum
1207 891 1262 955 diu

79 1025 85 1041 κ
130 985 239 1072 Apollo
270 985 494 1064 contenderet,
532 997 565 1052 et
598 1009 671 1054 enm
702 984 855 1075 superare
882 1005 946 1048 non
974 990 1099 1082 posset,
1137 976 1263 1045 invertit

130 1071 302 1151 citharam,
328 1082 361 1137 et
381 1078 498 1135 canere
520 1072 635 1158 coepit
676 1070 813 1137 Inversis
836 1079 941 1135 autem
964 1066 1065 1146 abiis,
1098 1086 1198 1153 quum
1226 1083 1263 1127 ae

91 1156 263 1246 1⁰Marsya
290 1154 422 1242 Apollini
453 1157 664 1247 aequiparare
683 1157 845 1307 nequiret,
877 1150 987 1241 Apollo
1007 1173 1080 1217 eum
1103 1148 1146 1215 ad
1168 1147 1262 1249 arbq-

129 1263 197 1306 rem
219 1240 381 1328 religavit,
411 1252 444 1307 et
472 1242 569 1325 virgis
596 1240 721 1309 caeden
746 1265 765 1308 o
789 1239 831 1305 ad
851 1239 1010 1306 interitum
1030 1256 1134 1325 usque
1155 1244 1262 1321 coepit

128 1326 250 1415 punire.
293 1327 346 1393 De
367 1325 457 1415 cujus
479 1325 635 1413 sanguiue
656 1328 727 1394 fons
748 1339 837 1393 ortus
859 1333 925 1404 est,
956 1321 1027 1410 ejus
1053 1330 1185 1388 ornatus
1205 1341 1261 1385 no-

28 1432 41 1448 ··
128 1411 222 1514 mine.
265 1410 365 1502 cujus
385 1410 586 1499 turpitudinis
610 1412 778 1490 memoria,
800 1409 930 1500 Marsya
950 1403 1054 1477 cauda
1077 1404 1261 1499 depingitur

128 1518 270 1585 porcma.
322 1582 325 1587 Ι

87 1700 124 1780 ῃ
188 1664 279 1743 116.
334 1667 584 1779 Cantilena
620 1670 865 1773 Apollinis
897 1662 1231 1769 etMarspae.''

213 1797 301 1864 Huic
327 1796 534 1868 decertationi
561 1822 660 1886 quum
683 1798 789 1881 Mida,
817 1822 873 1866 rex
894 1796 1035 1889 Lydiae,
1050 1792 1151 1899 judex
1172 1786 1262 1859 adbi-

30 1890 43 1927 l'
132 1881 217 1950 bitus
235 1883 438 1965 interfuisset,
456 1885 568 1951 andita
588 1908 698 1952 eorum
715 1886 878 1965 cantilena,
898 1878 1181 1972 praeposuatMars
1203 1898 1261 1943 am.

128 1968 233 2036 Iratus
254 1970 366 2059 Apollo
388 1968 455 2061 ejus
477 1969 637 2038 stultitiam
659 1971 788 2038 auribus
810 1969 968 2037 damnarit
991 1965 1127 2033 asininis.
1171 1901 1260 2039 duas

130 2055 270 2122 omnium
297 2058 457 2144 aspectui,
487 2079 607 2122 corona
634 2079 759 2145 semper
787 2055 881 2144 capiti
907 2077 966 2121 suo
992 2050 1158 2153 imposita,
1184 2046 1260 2151 sub·

86 2141 275 2219 adtrahens,
297 2139 374 2206 dum
397 2164 416 2207 a
438 2164 497 2208 suo
518 2142 631 2209 liberto
652 2154 780 2223 tonsus,
801 2144 842 2208 ab
864 2164 903 2207 eo
922 2147 1078 2205 metueret
1093 2132 1260 2213 diffamari,

129 2226 159 2290 ei
182 2248 332 2291 coronam
353 2226 519 2313 imposuit,
545 2228 747 2316 promittens,
767 2239 803 2294 ut
823 2226 848 2293 si
871 2223 1012 2291 dedecus
1025 2244 1116 2289 suum
1130 2218 1261 2299 celaret,

128 2312 222 2396 regni
252 2312 300 2378 sui
330 2333 402 2378 eum
429 2312 614 2403 participem
645 2312 775 2378 faceret.
818 2312 882 2387 Qui
912 2331 1009 2396 quum
1036 2308 1101 2375 visa
1119 2305 1205 2373 intra
1224 2324 1260 2371 se

129 2398 292 2462 continere
313 2418 376 2461 non
397 2412 522 2484 posset,
543 2399 690 2465 scrobem
713 2396 804 2477 lecit,
833 2408 867 2464 et
892 2396 1012 2463 Midam
1032 2412 1145 2479 regem
1167 2398 1260 2457 aures

84 2548 88 2553 ,
129 2480 251 2548 babere
284 2482 419 2549 asininas
457 2495 563 2550 terrae
604 2483 761 2550 narrando
797 2482 972 2549 inculcarit.
1028 2474 1196 2564 Siquidem
1228 2474 1261 2539 ln

88 2565 245 2634 ascadem
267 2570 383 2634 scrobe
405 2581 475 2636 orta
497 2590 616 2650 canna,
644 2591 740 2656 quum
761 2579 905 2656 pastores
927 2589 966 2633 ex
986 2585 1026 2629 ea
1047 2560 1186 2628 fistulam
1203 2558 1262 2627 sibi

130 2652 291 2734 facerent,
337 2652 425 2739 quod
460 2664 565 2720 terrae
605 2678 624 2720 a
659 2667 790 2721 tonsore
815 2654 902 2740 regis
929 2648 1120 2718 inculcatum
1148 2646 1261 2727 luerat,

129 2737 253 2821 fistula,
280 2737 463 2829 pastoribus
482 2737 598 2827 aliquid
619 2753 750 2807 cantare
771 2739 965 2822 volentibus,
998 2732 1207 2823 exprimebat.

497 2914 592 3009 rari
641 2935 764 3014 urna
801 2961 892 3010 sax.

216 3058 305 3128 Mida
332 3082 390 3130 rex
417 3063 457 3129 ab
481 3063 624 3152 Apolline
652 3064 760 3152 petiit,
787 3074 823 3131 nt
843 3061 965 3144 omnia,
998 3082 1082 3152 qnae
1101 3069 1262 3151 tangeret,

89 3161 246 3213 scaurum
277 3150 400 3216 fierent.
457 3150 530 3224 Quo
557 3171 734 3230 concesso,
766 3151 830 3216 voti
858 3150 907 3217 sui
929 3149 1182 3237 effectu-coepit
1199 3158 1264 3217 tor-

131 3231 239 3320 queri,
269 3234 343 3321 quia
364 3234 628 3320 cibum‘tangere
649 3258 711 3300 non
733 3236 849 3320 potuit,
879 3235 952 3324 quin
974 3235 1005 3299 in
1027 3254 1139 3301 aurum
1159 3234 1264 3301 statim
1297 3284 1300 3291 .

130 3328 317 3385 verteretur.
378 3320 560 3391 Conversus
599 3318 641 3387 ad
669 3343 800 3409 preces,
835 3341 1020 3410 responsum
1049 3321 1090 3385 ab
1123 3318 1264 3407 Apolline

131 3404 274 3494 accepit,
296 3412 337 3468 ut
358 3404 391 3468 u·
409 3415 462 3468 ter
478 3404 515 3468 in
534 3402 720 3470 Pactolum
731 3404 888 3491 fluvium
904 3406 1019 3493 sopite
1035 3414 1264 3490 mergeretur,

131 3511 245 3575 poena
265 3512 345 3555 mox
359 3490 577 3576 privaretur.
619 3490 692 3564 Qun
724 3490 896 3579 completo,
928 3491 997 3579 ipso
1025 3510 1162 3576 poenam
1191 3510 1264 3556 era·
1305 3486 1308 3493 ’

89 3571 248 3657 audente,
274 3574 388 3641 fluvius
409 3573 523 3641 exinde
544 3597 659 3644 aureas
681 3575 797 3663 dicitur
817 3596 930 3643 arenas
951 3575 1110 3643 babuisse
1222 3604 1225 3609 ·
1255 3580 1260 3589 '

258 3788 348 3865 118.
402 3792 684 3896 Explabatio
715 3796 917 3896 ejusdem
955 3794 1152 3870 fabulae.
1210 3852 1216 3860 .

220 3918 346 3987 Veritas
373 3933 479 3987 autem
511 3935 577 4004 est,
613 3926 687 4011 quia
714 3926 851 4013 quisque
875 3946 1006 4005 avarus,
1040 3947 1136 4012 quum
1155 3923 1268 4003 omnia

136 4004 240 4092 pretio
269 4004 424 4084 destinat,
463 4008 547 4075 fame
577 4011 718 4076 moritur.
761 4009 858 4084 Quod
886 4009 975 4076 Mida
1003 4032 1061 4075 rex
1083 4018 1175 4090 erat,
1213 4006 1267 4096 qni

137 4088 271 4155 collecta
296 4092 510 4179 pecuniarum
550 4118 678 4162 suarum
710 4119 850 4175 summa,
892 4107 929 4162 ut
962 4096 1141 4161 Sosicrates
1179 4092 1266 4172 dicit,

94 4174 305 4247 roPaototum
331 4177 481 4262 flurium,
513 4182 567 4267 qui
594 4181 626 4248 in
656 4203 744 4249 mare
768 4181 942 4249 decurrere
961 4181 1071 4249 solitus
1092 4189 1178 4264 erat,
1210 4198 1268 4270 per

509 4386 520 4421 l
