2632 4658
41 276 45 282 ἢ
144 162 262 251 xm
415 115 611 269 styuops
634 163 686 236 n.
749 118 1028 240 ere-eso(

280 381 283 387 ·
405 344 500 420 218.
553 346 764 420 Leander
803 349 1012 422 etllero.

50 558 53 565 ἱ
222 477 378 545 Leander
406 469 577 568 Abydenus
607 487 641 544 et
666 478 758 542 Hero
787 476 908 543 Sestias
935 478 1062 545 luerunt
1087 477 1222 544 invicem
1243 500 1278 545 se

145 576 297 646 amantes.
340 561 407 629 Sed
426 561 577 630 Leander
595 573 704 641 natatu
727 561 768 627 ad
789 563 900 628 Heron
922 563 970 628 ire
990 576 1199 643 consueverat
1221 586 1278 651 per

75 649 82 666 '
143 652 260 716 fretum
284 647 558 735 Hellespontium,
585 647 672 737 quod
703 649 820 713 Seston
851 660 885 717 et
904 648 1038 739 Abydon
1068 649 1209 719 civitates
1230 650 1276 713 in-·

121 735 277 806 aterfluit.
308 733 459 801 Extincto
481 745 587 800 autem
609 734 796 815 casu'l'ace,
823 756 918 820 quam
939 737 1030 801 Hero
1054 745 1174 802 statuto
1196 747 1276 801 tem-

143 843 224 909 pore
245 817 455 907 praetendere
485 819 624 901 solebat,
656 817 776 906 juve'nis
808 830 996 907 tempestate
1026 821 1129 910 periit.
1174 820 1275 908 Cujus

143 913 260 992 corpus
282 926 379 992 quum
401 903 442 972 ad
464 903 600 993 puellam
625 901 765 971 delatum
796 903 937 986 suisset„
953 906 1022 995 ipsa
1053 927 1089 970 se
1118 907 1273 994 praecipi-

142 993 218 1059 tavit
237 991 269 1056 in
289 991 387 1056 mure.

403 1131 542 1233 ¹219.
579 1096 957 1261 Hymenaeus.

51 1360 59 1371 ,
98 1301 134 1350 ιο
224 1290 449 1380 Hymenaeus,
481 1298 517 1356 ut
545 1286 615 1361 alii,
642 1287 733 1359 deus,
750 1286 947 1374 nuptiarum,
976 1299 1013 1357 ut
1042 1288 1111 1368 alii,
1141 1287 1270 1377 quidam

135 1375 259 1464 juvenis
284 1375 343 1443 suit
359 1375 418 1455 ,die
440 1371 620 1467 nuptiarum
641 1395 811 1527 oppressus
832 1374 941 1457 ruina3
971 1372 1056 1440 unde
1082 1376 1269 1460 expiationis

139 1484 238 1527 causa
261 1460 292 1526 in
314 1483 355 1525 nu
380 1461 430 1528 tiis
452 1459 639 1526 nominatur.
714 1457 811 1525 slsum
840 1471 890 1524 est
917 1471 1044 1538 autcm;
1076 1483 1158 1526 nam¹
1181 1461 1269 1537 citari

137 1546 243 1632 magis
271 1543 383 1612 debus
409 1563 504 1634 quam
533 1543 671 1610 retineri.
713 1545 779 1610 Sed
808 1546 890 1610 haee
910 1556 959 1611 est
979 1546 1101 1613 veritas.
1146 1547 1269 1637 flyme

138 1652 238 1696 naeus
260 1652 341 1719 puer
360 1650 487 1716 genere
503 1628 701 1696 Atheniensis
724 1630 792 1698 luit
832 1629 865 1696 Is
896 1652 994 1718 quum
1020 1653 1119 1697 annos
1140 1616 1269 1718 puerilis

78 1718 252 1786 ,mactatis
281 1717 469 1795 excederet,
506 1736 609 1803 neque
643 1714 751 1782 adhuc
785 1715 884 1783 sirum
911 1727 1019 1804 posset
1047 1717 1196 1804 implere,
1229 1739 1270 1784 ee

160 1800 371 1868 ulchritudine
390 1797 553 1889 praeditus
577 1799 675 1867 fuisse
695 1799 827 1878 dicitur,
847 1812 883 1867 ut
904 1803 1052 1867 feminam
1073 1802 1267 1868 mentiretur.

170 1900 354 1974 tuquuum
374 1908 437 1952 una
466 1908 505 1951 ex
529 1885 648 1952 civibus
675 1887 759 1966 suis,
796 1886 907 1954 nobilis
936 1889 1043 1989 virgo,
1075 1886 1267 1965 adamasset,

87 2025 89 2030 .
134 1973 205 2060 ipse
233 1972 446 2040 mediocribus
474 1980 562 2039 ortus
583 1973 782 2059 parentibus,
809 1972 883 2058 quia
911 1986 1034 2059 nuptms
1062 1972 1267 2061 desperabat,

136 2057 223 2144 quod
249 2069 377 2146 poterat
395 2069 521 2134 tamen,
549 2056 687 2145 puellam
716 2069 857 2124 extrema
881 2061 996 2124 amoris
1018 2057 1098 2123 lines
1119 2059 1265 2145 diligens,
1287 2072 1292 2080 “

92 2144 212 2219 20satis
242 2145 345 2208 animo
367 2165 427 2208 suo
446 2143 585 2209 faciebat
612 2154 766 2243 aspectu.¹
798 2144 971 2231 Quumque
989 2142 1107 2231 nobiles
1123 2145 1268 2224 ⁴¹lemicae

35 2238 49 2315 ss
136 2251 210 2293 cum
240 2229 413 2314 virginibus
443 2249 536 2293 sacra
563 2227 734 2294 Eleusinae
760 2228 888 2294 Cereris
913 2228 1128 2309 celebrarent,
1159 2231 1265 2296 subito

134 2313 271 2379 adventu
293 2315 466 2400 piratarum
488 2325 600 2399 raptae
620 2324 709 2390 sunt;
732 2313 814 2378 inter
830 2334 910 2401 quas
931 2326 963 2382 et
973 2316 1190 2403 Hymenaeus,
1212 2315 1264 2402 qui

132 2400 183 2464 illo
206 2412 344 2465 arnutam
369 2421 458 2464 suam
482 2397 587 2465 suerat
616 2397 822 2477 subsecutum
853 2401 948 2486 eique
981 2399 1082 2486 puelle
1111 2399 1265 2466 ereditur.

132 2486 238 2558 Quum
261 2484 361 2572 igitur
382 2507 440 2572 per
467 2482 640 2570 longinque
662 2486 759 2550 maria
779 2482 932 2571 praedam
953 2485 1074 2573 piratae
1095 2486 1265 2565 rexissent,

88 2571 173 2640 etad
205 2569 363 2657 quandam
394 2568 561 2655 regionem
590 2567 720 2635 tandem
749 2567 886 2637 deioluti
917 2571 1125 2658 perveniunt,
1156 2571 1265 2659 ibique

130 2678 241 2722 somno
272 2653 415 2743 oppressi
446 2656 486 2718 ab
508 2655 746 2741 insequentibus
767 2667 841 2722 sunt
861 2653 1002 2744 peremti.
1044 2657 1266 2746 Hymenaeus,

129 2741 173 2805 ibi
194 2741 309 2807 relictis
331 2736 522 2841 virginibus,
544 2760 689 2806 reversus
712 2738 866 2819 Athenas,
896 2753 1010 2828 pactus
1032 2754 1082 2808 est
1102 2739 1122 2807 'a
1144 2743 1263 2809 civibus

130 2825 267 2900 dilectae
304 2838 447 2912 nuptias,
479 2823 507 2889 si
533 2823 571 2889 iis
602 2825 679 2891 filias
712 2847 786 2889 suas
812 2826 1010 2895 restituisset
1067 2826 1192 2901 Quam·
1209 2827 1264 2893 ubi

128 2908 188 2999 pro
208 2923 283 2977 voto
308 2910 462 2983 restituit,
477 2919 670 2998 exoptatam
699 2932 777 2975 acce
799 2911 823 2978 it
845 2934 986 2979 uxorem.
1028 2909 1125 2986 Quod
1146 2913 1265 3003 ‚conju-

86 2997 220 3083 spgium
242 2994 315 3085 quia
336 2995 411 3061 felix
432 2994 556 3074 fuerat,
586 2994 705 3082 placuit
733 2935 974 3063 Atlleniensibus
1003 3018 1118 3064 nomen
1139 2998 1267 3087 Hyme,

127 3083 201 3148 naei
223 3082 338 3170 nuptiis
360 3081 503 3146 miscere.
539 3081 592 3157 Ob
613 3103 705 3167 quam
718 3103 857 3153 ,eausam
880 3083 986 3148 adhuc
1006 3083 1161 3150 nubentes
1182 3083 1278 3171 ejus,-

128 3168 218 3252 quasi
240 3167 415 3232 liberatoris
438 3165 639 3251 virginitatis,
672 3167 819 3234 invocant
839 3190 961 3234 nomen.
1004 3166 1100 3233 Unde
1121 3181 1155 3234 et
1175 3166 1261 3272 apud

125 3253 292 3320 Romanos
319 3251 466 3316 Talassio
493 3251 676 3317 invocatur(
708 3253 813 3327 Quium
846 3254 927 3318 enim
956 3255 988 3318 in
1009 3264 1102 3340 raptu
1124 3254 1261 3320 Sabxn'a·

55 3361 57 3365 ’
125 3362 195 3406 rum
226 3337 367 3428 plebejus
397 3335 526 3423 quidam
552 3347 673 3422 raptam
704 3338 946 3424 pulcherrimam
978 3337 1128 3418 duceret,
1162 3362 1211 3421 ne¹
1232 3339 1260 3403 ei

85 3426 312 3503 stauferretur
331 3423 372 3488 ab
394 3421 478 3500 aliis,
507 3420 703 3488 Talassionis
731 3445 801 3489 eam
828 3423 916 3490 ducis
939 3423 1049 3490 nobilis
1071 3446 1144 3490 esse
1164 3425 1261 3492 simu-

128 3511 218 3593 larit3
247 3508 336 3599 cujus
357 3507 482 3575 nomine
503 3508 653 3575 remansit
674 3508 796 3596 puellae
817 3521 885 3577 tuta
909 3509 1082 3597 virginitas.

422 3661 563 3783 ⁶220.
623 3709 907 3811 Lycambeo
945 3794 948 3800 ,

192 3840 391 3930 '‘,Lyeambes
413 3836 540 3924 quidam
563 3837 656 3903 filiam
678 3838 845 3905 Neobulen
876 3839 995 3906 habuit
1037 3836 1142 3912 Quam
1160 3858 1262 3925 quum

125 3923 332 3992 Archilochus
353 3925 384 3988 in
407 3923 638 3989 matrimonium
654 3924 865 4026 postulasset,
895 3939 987 4011 pster
1008 3922 1178 4025 promisit3·
1199 3922 1261 3990 sed

80 4013 310 4101 ,opromissam
341 4008 478 4097 negarit.
520 4009 625 4075 Iratus
653 4010 753 4096 igitur
781 4009 986 4077 Archilochus
1011 4032 1044 4073 m
1064 4021 1137 4073 eum
1160 4009 1286 4073 male-'

122 4098 229 4248 piperum
253 4116 381 4248 carnpen
395 4093 534 4185 'scripsit
562 4093 669 4163 ¹Unde
689 4095 740 4162 ille
759 4094 871 4163 dolore
892 4095 1074 4186 compulsus
1096 4115 1160 4161 una
1181 4116 1257 4162 cum

135 4185 184 4251 iia
207 4182 301 4251 vitam
344 4180 426 4249 nisit.
485 4228 489 4235 -
665 4209 699 4241 r.
