2632 4658
112 162 226 287 seeo
397 177 688 281 uyaogmu.
741 179 783 253 a.
838 150 1033 293 uerri.
1175 116 1209 241 ’-

140 374 162 443 ᾗ
212 361 326 429 Nam
346 361 431 450 quia
451 384 513 427 uec
533 360 611 446 fato
631 362 758 427 merita
778 384 840 428 nec
860 374 971 429 usorte
985 361 1140 452 peribat,

140 445 247 515 idest
269 428 411 533 nhturali.
453 444 534 512 lnde
555 459 588 513 et
609 446 728 513 Iridem
748 445 794 525 ei,
829 458 865 519 ut
893 449 974 514 mori
1002 449 1123 538 possit,
1164 447 1278 517 crinem

142 533 221 601 facit
240 530 445 614 abscindere,
475 531 660 621 Euripidem
685 532 844 613 imitatus,
883 535 936 621 qni
957 520 1152 602 Mercurium
1174 534 1277 619 itideu

145 641 271 685 comam
296 619 412 703 Alcesti
440 628 619 699 secantem,
657 620 732 708 quia
757 619 823 687 sato
850 621 953 688 mariti
974 622 1115 709 peribat,
1151 620 1276 773 inpudt

23 783 25 788 ,
118 705 214 776 sNisi
235 703 319 784 enim
350 702 399 769 vel
420 703 546 770 Parcae
565 704 669 784 filum,
706 704 738 769 in
767 727 830 792 quo
863 706 925 773 vita
946 707 1078 773 hominis
1110 728 1175 795 peu
1201 708 1276 787 ebat,

106 843 112 847 .
143 790 322 878 rupissent,
359 788 408 853 vel
429 788 624 878 Proserpina
653 811 768 855 nomen
796 790 865 880 ejus
886 791 918 855 in
942 802 1034 877 poste
1054 790 1141 881 apud
1162 792 1274 859 inseror

143 884 303 954 notasset,
345 872 395 940 rel
421 875 541 941 crinem
561 874 736 963 decapite
765 876 971 957 abscidisset,
1006 875 1055 942 vel
1072 876 1273 946 'Eumenides

130 966 217 1027 'eum
244 959 305 1026 lam
329 957 391 1025 ade
417 959 621 1041 lustrassent,
666 960 746 1026 mori
775 961 845 1048 quis
876 983 940 1027 uon
974 984 1070 1050 posse
1105 961 1272 1031 dicebatur.

30 1095 34 1103 .
143 1045 212 1112 Sed
234 1057 267 1114 et
286 983 407 1133 ldpidcs
428 1046 569 1125 omnium
588 1047 621 1112 in
639 1068 717 1114 urna
739 1046 825 1135 apud
854 1046 974 1113 inferos
995 1047 1132 1127 versari,
1172 1057 1208 1117 et
1226 1068 1273 1115 oua

101 1131 196 1234 rojus
220 1130 298 1221 lapis
328 1131 415 1219 prior
442 1131 559 1211 exiret,
595 1132 751 1219 priorem,
790 1132 882 1221 cujus
904 1132 1023 1209 serior,
1051 1130 1272 1201 serioremsl

141 1217 261 1285 mseras
283 1213 480 1281 descendere
500 1227 693 1283 asseverant.

49 1344 53 1352 ,
176 1305 179 1309 ’
229 1304 279 1369 12.
322 1300 465 1366 'l'slibus‘
482 1302 708 1388 figmentorum
738 1300 877 1369 ridiculis
908 1321 1038 1388 operam
1062 1312 1198 1390 'semper
1224 1300 1272 1369 ad

141 1388 244 1454 hibuit
270 1384 462 1454 inveniendis
488 1386 621 1475 pulchre
650 1385 788 1455 mendax
818 1388 958 1453 Graecia
987 1388 1179 1475 orpoetico
1205 1408 1272 1475 gar·

141 1474 270 1548 rulitas,
304 1492 431 1558 semper
453 1470 494 1537 de
517 1471 652 1540 falsitate
674 1483 795 1540 ornata.
833 1472 908 1538 Has
930 1482 1036 1539 autern
1057 1474 1170 1540 mortis
1195 1494 1272 1539 corn·

55 1594 60 1599 ·
101 1557 307 1632 rumenticias
330 1555 493 1623 dilationes
515 1558 555 1622 ah
578 1559 640 1624 hac
658 1580 694 1625 re
712 1568 762 1626 ort
784 1581 798 1623 s
820 1557 945 1636 ferunt,
973 1556 1061 1646 quod
1083 1558 1184 1637 cortis
1204 1580 1272 1626 coa·

142 1640 373 1711 sacrationibus
404 1641 548 1728 solebant
580 1642 716 1733 majores
752 1579 879 1724 dcere,
920 1651 956 1713 ut
984 1640 1135 1710 adversus
1170 1665 1272 1711 omnes

140 1731 291 1796 fortunae
314 1727 451 1818 impetus
478 1739 586 1801 esseut
613 1729 732 1809 muniti.
788 1726 862 1793 Nec
889 1739 1053 1814 poterant,
1080 1738 1117 1794 ut
1138 1728 1185 1795 ait
1204 1730 1272 1797 Ser-

140 1816 229 1893 vius,
257 1813 358 1894 mori,
390 1813 448 1880 nisi
470 1825 583 1882 exacta
603 1813 928 1901 illatcousecratione.
983 1811 1079 1880 Unde
1108 1813 1197 1881 circs
1223 1813 1273 1880 bt

141 1901 258 1967 donem
285 1898 347 1965 isto
377 1910 549 1966 servantur.
606 1899 711 1965 Porro
746 1920 858 1964 urnam
890 1897 974 1964 illam
1008 1898 1114 1986 ipsum
1150 1897 1273 1988 quidem

98 1983 298 2058 sorsuodum
317 2005 382 2049 non
403 1983 543 2051 absurde
565 1985 724 2072 accipiunt
744 2006 871 2073 semper
891 1985 1079 2051 titubantem
1111 1993 1144 2050 et
1175 1983 1273 2051 omniu

143 2079 323 2138 versantem
357 2079 391 2136 et
418 2067 461 2135 ad
481 2069 600 2136 inferos
622 2091 844 2157 quoscumque
863 2079 952 2135 tenet
972 2069 1159 2135 mittentem.
1183 2067 1274 2137 Unde

141 2155 313 2223 Horatius:
352 2153 520 2220 Omnium
539 2165 701 2221 versetur
721 2175 832 2233 urna,
858 2154 971 2217 serius
992 2153 1087 2218 ocius
1108 2174 1186 2217 sors
1205 2155 1274 2220 esi-

142 2253 237 2307 tura.
279 2235 348 2306 Sed
369 2250 402 2307 et
422 2241 463 2307 ab
485 2239 615 2306 historia
636 2238 768 2305 ductum
790 2236 922 2304 videtur.
965 2238 1086 2315 Grseci
1108 2237 1214 2319 euim,
1234 2249 1276 2312 ut

141 2326 279 2415 legitur,
306 2324 432 2410 legatos
452 2325 603 2414 quopiam
622 2323 764 2403 missuri,
796 2333 900 2389 sortes
919 2322 951 2389 in
972 2344 1086 2390 urnam
1107 2325 1275 2417 ponebant,

99 2424 177 2482 unet
206 2434 287 2501 quos
322 2431 393 2477 sors
424 2409 619 2492 destinabat,
650 2410 825 2479 mittebant.
879 2408 932 2474 De
960 2408 1089 2474 Didone
1115 2409 1277 2498 expirante

141 2497 321 2585 dilapsum
351 2494 429 2564 dicit
457 2495 606 2586 Virgilius
638 2495 804 2574 calorem,
840 2515 897 2561 eos
928 2492 1086 2575 imitatus,
1126 2494 1187 2598 qui
1215 2495 1276 2562 ani·

91 2630 94 2639 ,
142 2606 227 2650 mam
251 2579 363 2648 dicunt
381 2581 520 2649 calorem
540 2604 629 2661 csse,
670 2602 736 2668 que
755 2563 946 2660 recedente,
964 2601 1086 2669 corpus
1108 2578 1228 2668 friget,
1247 2590 1281 2654 et*

23 2693 25 2707 =
143 2667 183 2730 iu
222 2676 354 2732 ventos·
380 2667 493 2733 vitum
527 2663 723 2742 recessisse,
762 2663 796 2730 id
829 2664 878 2731 est
907 2665 1083 2746 auimom3
1121 2676 1160 2732 ut
1199 2665 1276 2745 alibi,

143 2761 264 2820 tenues
283 2785 328 2797 -
347 2771 521 2815 arcessere
539 2751 655 2828 vites3
694 2759 750 2816 aut
773 2749 841 2815 illos
869 2760 1015 2830 secutus,
1056 2748 1112 2838 qui
1143 2750 1298 2841 animon

100 2839 252 2909 soa‘e’rem
273 2833 400 2914 dicunt,
432 2835 496 2901 hnc
516 2845 587 2914 est„
610 2835 641 2900 in
661 2835 824 2904 materiam
846 2856 935 2901 suam
956 2835 1081 2916 redire3
1115 2846 1174 2902 out
1195 2846 1278 2904 certe

141 2918 338 3010 Epicureos,
384 2919 440 3008 qui
481 2920 616 2988 animam
654 2919 765 2986 dicunt
798 2920 903 3011 perire
941 2943 1014 2987 cum
1055 2941 1212 3010 corpore,
1246 2930 1278 2989 nt

61 3019 65 3026 “
140 3006 356 3094 intelligamus
392 3007 528 3074 evanuit
597 3005 651 3072 Oh
688 3028 784 3092 quam
822 3028 891 3072 rem
930 3004 1108 3075 secuudum
1148 3004 1277 3075 eosdm

143 3092 350 3178 dictumest:
385 3090 520 3156 Facilis
532 3090 682 3178 jactura
703 3090 865 3178 sepulcri.
1073 3132 1077 3141 ·
1149 3090 1153 3097 ’

229 3177 281 3244 13.
323 3177 407 3243 Elam
429 3177 524 3245 etiam
554 3175 637 3241 inter
660 3175 793 3245 exordia
822 3173 971 3243 conditae
991 3173 1200 3265 Carthaginis
1220 3176 1277 3242 Aa·

99 3285 223 3345 aeneae
243 3273 390 3352 nuptam:
1232 3292 1235 3297 ·

225 3345 442 3436 Frugiferae
464 3341 596 3424 Cereri,
630 3341 832 3432 Phoeboque
849 3343 1015 3446 patrique
1040 3344 1174 3433 lyaeo,

141 3435 261 3505 Junoni
282 3454 357 3499 vero
379 3441 454 3497 ante
474 3450 584 3495 omncs
605 3428 837 3509 sacrificantem
863 3426 1003 3505 induem
1036 3428 1150 3496 Cereri
1171 3428 1276 3515 rideli7

66 3548 68 3553 ⁴
142 3531 213 3601 cet,
242 3529 278 3587 ut
299 3520 429 3605 frugum
449 3525 591 3604 praestet
617 3513 860 3598 secunditatem
893 3514 1047 3594 Phoebo,
1077 3515 1155 3602 quia
1174 3515 1276 3605 auspi·

143 3608 219 3689 ciis,
254 3615 292 3672 ut
324 3614 422 3690 supra
458 3600 608 3682 diximus,
646 3614 792 3687 praeest,
828 3601 942 3690 quibus
973 3600 1070 3666 urbes
1104 3600 1276 3686 reg'untur3

102 3691 275 3779 rnhyaeo,
308 3689 341 3755 id
364 3687 582 3769 estBoccho,
618 3685 689 3774 qui,
720 3688 815 3755 utin
847 3684 1050 3774 sequentibus
1082 3681 1277 3763 docebimus,

146 3788 221 3880 apte
248 3776 378 3842 urbibus
402 3772 554 3841 libertatis
576 3781 625 3839 est
647 3771 739 3840 deus.
783 3770 876 3840 Unde
898 3782 931 3839 et
950 3770 1106 3858 Marsyas,
1129 3769 1202 3872 ejus
1225 3770 1282 3837 mi·'

38 3872 48 3879 “
145 3873 260 3943 nater,
282 3859 383 3929 estin
406 3859 582 3926 civitatibus
609 3857 762 3926 libertatis
790 3857 950 3923 indicium.
1001 3854 1085 3921 Nam
1116 3854 1161 3921 dir
1176 3854 1278 3923 'aliisi

143 3942 177 4016 in
203 3949 328 4022 urbium
357 3943 500 4099 primitiis
519 3945 723 4027 invocentur,
754 3943 798 4013 ad
818 3944 971 4034 privatam
991 3936 1024 4006 id
1044 3940 1186 4029 pertinet
1207 3963 1278 4011 cau·

144 4059 212 4105 sam
258 4046 296 4103 ut
314 4032 357 4100 ihi
380 4051 448 4099 em:
763 4049 772 4079 r
847 4068 849 4074 s

102 4141 137 4193 45
219 4086 359 4185 'Junoni
381 4127 465 4183 unte
484 4137 616 4194 omnes,
648 4113 707 4180 cui
727 4110 845 4176 vinela
859 4106 1006 4195 jugalia
1027 4127 1145 4173 curere.

145 4205 297 4285 Quamvis
317 4205 401 4273 enirn
421 4204 467 4270 rei
497 4201 644 4293 publicae
673 4197 789 4269 utilitas
822 4195 1035 4274 simuleretur,
1076 4203 1147 4259 erat
1171 4203 1280 4285 ¹tarneu,
