2632 4658
66 153 121 231 sc
382 147 565 249 nyma-r.
592 144 625 218 1.
680 140 771 218 no.
800 138 890 218 111.

88 340 140 405 ina
167 357 241 404 vero
269 325 372 412 dicta,
405 332 478 420 qula
504 352 545 397 ex
576 348 615 395 eo
640 337 849 416 proserpant
877 325 998 423 fruges.
1048 320 1147 388 Haeo
1170 324 1202 386 et

67 365 167 491 hesta
200 419 334 498 dicitur,
379 419 453 503 quia
489 416 596 484 herbis
636 411 683 478 vel
723 413 815 480 variis
852 421 980 476 vestrta
1017 407 1057 477 sil
1094 407 1201 472 rebus.

67 510 171 576 Diana
197 506 291 571 etium
320 501 434 569 eadem
457 513 523 581 est,
557 499 648 590 quasi
669 497 820 577 Dnann,
847 496 921 584 quia
941 494 1015 560 luna
1037 498 1072 558 et
1093 490 1148 556 die
1170 500 1203 555 et

69 606 163 659 nocte
192 614 232 678 ap
257 599 354 654 areat.
395 589 502 677 Ipsam
526 587 620 653 etiam
640 583 796 650 Lucinam
821 592 1021 679 asseverant,
1051 598 1093 642 eo
1114 573 1202 727 guod

40 681 193 743 eluceat.
234 614 382 751 hlaudem
404 686 437 741 et
458 672 617 751 Triviam,
639 691 678 734 eo
700 666 786 757 quod
809 665 922 731 trzbas
943 666 1104 752 iungatur,
1142 682 1203 748 gu-

67 765 109 829 ris
120 785 136 843 ;⁴
168 761 210 827 de
240 783 304 847 qua
321 759 501 847 Virgilius:
539 757 626 821 Tria
654 753 809 841 virginis
838 773 900 814 ora
931 750 1093 829 Dianae3
1128 747 1203 834 quia

68 847 181 913 cadem
202 845 318 931 Luna,
361 844 474 912 eadem
510 843 633 920 Diana,
677 836 791 906 eadem
828 835 1202 924 Proserpinavocator.

68 935 162 999 llaec
183 943 218 999 et
231 929 376 1009 Latonia
405 932 496 1018 virgo
520 927 677 994 dicituro
702 934 804 994 matra
825 922 971 1004 Latona;
1001 930 1035 987 et
1054 916 1204 989 Plutonia
1233 940 1235 945 ⁸

68 1017 193 1106 conjux.
236 1017 366 1085 Graece
387 1016 513 1084 Hecate
535 1011 659 1081 dicitur.
1085 1046 1087 1051 ,

26 1258 61 1307 10
310 1259 312 1263 Α
469 1210 559 1288 115.
614 1202 816 1313 Apollo.⁴

152 1362 351 1452 Apollinem,
391 1359 488 1426 filium
520 1358 627 1440 lovis,
658 1362 788 1428 fratrem
820 1358 965 1437 Dianae,
1000 1356 1108 1423 Solem
1141 1353 1204 1422 dici

69 1448 242 1517 voluerunt
284 1448 384 1513 Hunc
412 1459 445 1513 et
465 1445 662 1513 divinationis
690 1445 797 1512 deum·
837 1456 951 1523 ouant,
981 1466 1021 1507 eo
1044 1439 1132 1530 quod
1156 1441 1204 1508 sol

67 1534 173 1601 omnia
202 1518 340 1600 obscura
364 1530 550 1625 ‘manifestet
578 1533 611 1597 ln
641 1532 752 1598 lucem.
805 1468 922 1620 dolens.
946 1534 1052 1605 autem
1081 1522 1203 1619 haunt,

62 1620 159 1707 ⁸quasi
188 1618 311 1684 solum.
362 1615 473 1700 Ipsum
502 1617 669 1697 Titanem,
711 1615 801 1704 quasi
829 1638 925 1681 unum
955 1636 994 1680 ex
1023 1612 1203 1690 llitonibus,

27 1706 123 1793 15qui
157 1701 311 1769 adversus
342 1700 455 1787 Joven
488 1723 550 1769 non
587 1700 671 1769 fecit
716 1702 842 1790 'lpsum
866 1700 1067 1781 Phoebum,
1111 1699 1205 1802 quasi

68 1786 251 1877 eplrebnm,
272 1786 336 1853 hoc
357 1797 407 1856 est
422 1786 689 1869 adolescentem
710 1787 796 1853 unde
817 1798 850 1854 et
872 1785 928 1852 Sol
949 1807 1030 1874 puer
1071 1782 1103 1850 in
1141 1792 1205 1869 tur',

64 1872 107 1940 ¹eo
136 1871 224 1960 quod
247 1871 394 1959 ,quotidie
422 1871 543 1938 oriatur
570 1884 603 1940 et
629 1895 711 1938 nova
738 1871 810 1938 luca
839 1881 996 1941 nascatur.
1050 1807 1206 1959 hydhum

67 1981 196 2047 quoquo
224 1955 365 2048 'eundem
406 1957 578 2045 Apollinem
620 1968 736 2025 vocant
775 1980 795 2023 a
824 1955 993 2048 Pythone,
1031 1954 1206 2022 immensae

66 2044 157 2110 molis
189 2055 357 2132 serpente,
396 2067 492 2133 quem
519 2041 649 2132 Apollo,
685 2043 873 2131 sagittarum
904 2042 1019 2108 ictibus
1050 2053 1208 2122 sternens,

27 2128 203 2204 conaminis
243 2150 373 2218 quoquo
409 2129 510 2232 spolia
548 2131 741 2216 reportavit,
786 2139 824 2196 ut
855 2128 989 2217 Pythius
1026 2141 1205 2195 vocaretur.

14 2260 16 2267 ·
68 2214 305 2315 Huicquoque
327 2213 518 2318 quadrigam
540 2214 743 2295 adscribunt,
771 2214 854 2281 illam
877 2214 919 2278 oh
942 2236 1088 2292 causam,
1117 2213 1206 2300 quod

68 2296 248 2389 quadrihdo
278 2299 375 2366 limite
404 2300 468 2365 dies
499 2301 647 2369 metiatur
678 2301 835 2389 spatium;
873 2298 921 2364 vel
952 2298 1038 2386 quod
1068 2312 1207 2386 quatuor

68 2396 142 2452 sunt
162 2395 308 2474 tempora
329 2382 412 2453 anui.
457 2385 603 2463 Quotuor
621 2409 775 2474 equorum
795 2383 879 2454 Solis
898 2385 1041 2450 nomina:
1068 2385 1205 2463 Aethon,

68 2472 223 2556 Lampus,
244 2462 443 2561 Erythraeus
459 2483 493 2555 et
506 2470 690 2560 Philogeus.
725 2473 924 2562 Erythraeus
938 2466 1068 2557 Graece
1081 2467 1209 2535 radens

26 2557 203 2635 zodicitur,
236 2579 276 2623 eo
304 2554 392 2645 quod
419 2558 465 2623 sdl
496 2560 647 2624 matutino
675 2560 794 2624 lumine
821 2553 1017 2633 rubicundus
1043 2566 1207 2642 exsurgat.

68 2642 212 2721 Aethon,
244 2641 443 2729 splendeas;
471 2644 615 2731 Lampus
643 2667 720 2710 vero
747 2645 885 2709 arclano.
929 2640 1104 2728 Philogeus
1133 2651 1208 2704 ter-

65 2749 147 2828 11111
173 2747 299 2877 popano
327 2723 443 2795 dicitur
451 2775 467 2807 ‚-
496 2744 535 2794 eo
556 2724 644 2818 qudd
669 2743 805 2819 'vespere
829 2727 997 2795 occasibus
1019 2727 1067 2794 sol
1087 2748 1208 2815 pronus

68 2830 217 2880 rucuma
660 2841 662 2844 ·
740 2843 742 2847 ·

271 2959 275 2969 ·
389 3000 480 3079 Md.
535 2970 899 3086 Novem-Musae.
986 3051 990 3063 ·

30 3172 67 3221 30
146 3142 295 3248 sNovem
313 3147 424 3220 Musas
460 3154 593 3242 Apollini
631 3152 806 3240 deputant,
845 3153 1012 3244 ipsumque
1049 3140 1210 3223 decimum

72 3233 173 3300 Musis
185 3231 354 3321 adjiciunt,
377 3236 452 3323 quia
473 3238 630 3305 humanae
652 3240 737 3304 vocis
759 3237 873 3304 decem
890 3242 1101 3308 modulamina
1123 3253 1209 3308 sunt.

70 3319 117 3386 Et
144 3318 227 3416 haec
255 3319 381 3384 nomina
405 3335 439 3388 et
457 3322 733 3412 interpretationes
761 3324 943 3394 Musarum:
982 3327 1071 3405 clio,
1108 3325 1211 3395 idest

73 3402 229 3490 cognztto
270 3407 488 3489 quaerendae
529 3410 717 3490 scientiae,
752 3430 851 3499 *quae
892 3414 1011 3500 reperit
1050 3411 1210 3479 historias.

72 3487 243 3576 Euterpe,
261 3487 295 3554 id
324 3500 375 3556 est
400 3489 484 3557 hene
506 3494 702 3576 delectans,
733 3516 817 3581 quae
844 3497 936 3564 tibias
962 3497 1096 3564 invenit<
1130 3498 1212 3564 Mel-

33 3596 231 3673 35p0menc,
275 3572 393 3674 idest
423 3578 685 3646 meditationem
711 3578 873 3667 jaciens,
912 3605 996 3672 quae
1023 3583 1212 3670 tragoedias

66 3656 183 3749 edida.
235 3658 369 3740 Thaha,
405 3660 438 3728 id
467 3677 518 3731 est
544 3665 742 3751 capacitas,
799 3689 862 3734 uae
888 3665 1070 3736 comoedias
1101 3668 1214 3739 edidit

75 3743 270 3844 Polymnia,
287 3744 321 3810 id
343 3756 393 3812 est
418 3749 534 3812 nznlta
557 3772 753 3816 *memorare
774 3688 934 3839 jaciens,
963 3777 1046 3842 quae
1062 3753 1212 3822 rhetori·

77 3851 147 3930 carn
170 3830 293 3895 invent.
335 3829 458 3912 Erato,
485 3832 519 3898 id
542 3846 590 3901 est
612 3834 790 3900 inveniens
810 3838 941 3917 simile,
970 3862 1055 3926 quae
1075 3861 1211 3929 geome-

74 3926 170 3981 triam
197 3915 323 4002 reperit.
367 3916 601 4004 Terpsichore,
628 3918 661 3984 id
691 3931 740 3988 est
765 3920 940 3987 delectans
968 3925 1212 4008 instructione,

35 4021 161 4087 acquae
189 4000 372 4087 psalterium
400 4002 541 4071 instituit
596 4005 733 4088 Urania,
771 4004 886 4072 idest
914 4009 1095 4090 caelestis,
1126 4032 1212 4100 quae

75 4083 280 4237 pptrologipm
306 4087 435 4188 invenit
479 4090 641 4181 Calliope,
670 4090 704 4158 id
734 4101 783 4162 est
808 4091 961 4181 optimae
988 4093 1098 4178 vocis,
1127 4121 1212 4188 quae

68 4195 92 4234 -ι
109 4184 193 4238 teras
243 4183 338 4239 corut.
432 4197 434 4203 ¹
754 4206 757 4211 ·
