2632 4658
138 149 194 227 sa
289 123 295 129 ’
449 149 632 255 nyusp.
659 143 693 226 1.
747 150 868 228 as.-
884 152 954 230 aa.

109 339 223 406 -tibns
243 335 286 404 ad
306 358 361 416 se,
390 347 428 405 ut
448 356 560 407 secum
581 335 719 405 cestibus
742 337 956 410 decertarent
999 340 1075 417 Quo
1125 362 1205 411 num
1223 352 1274 411 re·

120 426 238 492 nisset
262 421 446 504 Hercules,
472 435 505 491 et
533 446 573 491 ex
601 423 757 512 Hispania
787 437 902 515 ageret
930 437 1075 495 armenta
1198 428 1273 507 ouis,

141 533 213 577 oum
246 512 300 576 eo'
326 530 520 596 congressus
547 518 615 589 est,
652 532 790 598 eumque
820 522 1004 600 superatum
1038 512 1209 584 interfect.
1231 518 1273 585 .A

140 598 231 687 cujus
252 594 379 661 nomine
399 616 491 662 mons
513 593 639 675 Siciliae
658 595 748 686 Eryx
768 598 956 666 nominetur.

115 785 134 835 5
209 812 212 817 ,
378 748 465 857 ¹95.-
505 748 653 859 Arion
686 764 734 828 et
757 752 1022 863 delphiryns.

225 879 320 949 Arion
343 879 480 948 Lesbius
504 877 707 948 citharoedus
728 879 865 967 optimus
888 880 955 948 suit
998 882 1064 959 Qui
1108 906 1186 953 uum
1204 886 1281 955 'lle

139 979 233 1036 rento
256 965 445 1034 Corinthum
467 987 540 1045 cum
563 965 668 1032 multis
689 966 803 1054 opibus
830 977 971 1061 peteret,
1004 980 1037 1036 et
1065 907 1188 1040 villerot
1213 972 1271 1039 sihi

140 1054 172 1118 in
197 1052 275 1120 mari
295 1050 533 1119 tendi'insidias
561 1073 581 1117 a
607 1050 729 1132 nantis,
781 1050 865 1130 etiit,
898 1063 934 1119 ut
962 1052 1122 1139 paululum
1150 1056 1271 1125 cithare

141 1149 278 1204 caneret.
309 1137 358 1204 Ad
381 1136 471 1226 cujus
491 1157 604 1203 sonum
626 1159 723 1223 quum
768 1136 882 1226 elphini
898 1139 1139 1224 convenissent,
1165 1165 1270 1213 seer-

55 1293 58 1297 .
100 1223 240 1292 recussit
259 1245 357 1314 supra
378 1245 493 1305 unum,
524 1232 558 1290 et
577 1221 743 1289 imminens
765 1221 871 1291 vitavit
890 1222 1075 1313 periculum.

344 1378 413 1465 96.
466 1388 714 1465 Oracnlum
746 1384 1065 1466 columbarum.

223 1514 262 1581 ln
282 1513 384 1604 Epiro
407 1515 521 1583 dicitur
542 1538 652 1583 nemus
674 1514 791 1596 luisse,
819 1516 851 1604 in
881 1525 945 1605 quo
973 1541 1026 1585 res
1050 1540 1130 1585 onan
1150 1515 1270 1586 (labant

140 1600 316 1705 colpmbae.
360 1602 457 1681 Quod
485 1602 558 1668 ideo
586 1603 733 1705 lingitur,
749 1601 838 1704 ‘qnia
859 1599 975 1704 'lingua
995 1542 1186 1672 Thessalica
1208 1630 1270 1672 rra-

87 1734 91 1741 ,
139 1687 267 1763 letanter
288 1698 322 1754 et
342 1688 508 1755 columbae
529 1699 563 1755 et
584 1699 815 1756 ratrcrnetrrcea
836 1685 994 1756 ducuntur.

20 1843 41 1892 ”7
96 1891 148 1941 15r
247 1851 316 1928 97.
369 1817 594 1955 Antiope,
635 1853 805 1930 Zethus
841 1863 885 1929 et
918 1850 1160 1954 Amphion.

223 1983 380 2072 Antiopa,
411 1982 528 2073 Nyctei
555 1982 636 2064 filie,
670 1984 711 2048 eb
740 1983 876 2074 Epapho
903 1976 963 2073 per
991 1983 1099 2052 dolum
1128 1993 1180 2052 est
1202 1993 1292 2051 stu·-

138 2079 247 2220 ppata3
285 2091 367 2219 puae
395 2069 437 2135 oh
465 2067 500 2134 id
528 2089 549 2135 a
578 2069 643 2135 viro
673 2068 766 2158 Lyco
795 2082 844 2138 est
870 2069 898 2136 ri
919 2070 1033 2138 e'ecta.
1072 2071 1147 2145 Qua
1167 2070 1268 2158 pulsu

171 2157 259 2221 ircen
310 2155 375 2221 urit
404 2175 554 2234 uxorem,
591 2154 818 2244 imperavitque
852 2153 991 2238 famuis',
1029 2165 1065 2222 ut
1098 2155 1268 2244 Antiopam

139 2241 275 2307 vinctam
305 2238 337 2304 in
367 2240 507 2306 tenebris
539 2237 732 2306 clauderent.
774 2240 838 2306 (ini
867 2263 965 2328 quum
1011 2253 1104 2312 ,artus
1123 2239 1267 2322 instaret,

96 2325 226 2400 20Jovis
247 2324 406 2393 voluntate
426 2323 541 2410 elingit
560 2324 702 2403 vincula,
735 2335 769 2393 et
791 2325 822 2391 in
849 2338 957 2415 monte
984 2262 1180 2393 lithaerone
1210 2348 1267 2397 sen

138 2410 321 2501 Aracyntho
363 2421 466 2478 ertum
485 2411 647 2500 exposuit,
671 2420 827 2499 natosque
847 2411 984 2478 Zethum
1007 2422 1040 2479 et
1060 2411 1268 2499 Amphionem

87 2550 95 2568 .
137 2497 280 2586 projecit.
341 2500 395 2579 'ps
415 2494 525 2586 pastor
546 2494 672 2585 quidam
693 2497 838 2598 proruis
860 2496 1014 2564 educavit.
1047 2495 1138 2571 Quos
1155 2510 1268 2583 posteo

139 2607 235 2670 quum
256 2595 358 2649 meter
377 2584 575 2669 agnovisset,
609 2581 666 2663 illi,
697 2581 825 2670 injurias
854 2582 920 2671 ejus
951 2582 1108 2657 exsecuti,
1134 2581 1267 2670 'Lycum

137 2668 382 2748 interl'ecernnt3
417 2667 536 2733 Dircen
565 2690 657 2746 vero,
687 2677 779 2732 tauro
808 2665 960 2736 indomito
987 2667 1172 2752 religatam,
1205 2669 1268 2734 vita

96 2755 347 2840 2'5priraverunt.
380 2751 432 2817 De
458 2753 547 2841 eujus
569 2752 725 2839 sanguiue
745 2751 835 2839 palus
856 2752 971 2834 Dirce,
1001 2762 1156 2840 quae-cst
1175 2752 1268 2818 'l'he-

139 2840 206 2915 bis,
241 2838 327 2905 factu
358 2858 429 2903 esse
459 2836 581 2904 dicitur.
631 2838 790 2918 ¹Quorum
824 2860 905 2905 unus
941 2839 1096 2926 Amphion
1127 2836 1268 2905 studium

139 2924 280 2990 citharae
300 2923 426 3005 hahuit,
448 2936 481 2990 et
502 2925 549 2991 sic
568 2922 756 2990 citharizare
777 2924 895 3001 fertur,
917 2935 953 2992 ut
972 2935 1095 2990 montes
1119 2935 1152 2990 et
1173 2924 1266 2990 silvas

138 3032 177 3076 ac
203 3030 283 3075 saxa
311 3032 350 3077 ec
375 3005 495 3097 lapides
525 3009 566 3076 ad
596 3031 633 3076 se
663 3031 779 3075 vocare
810 3006 943 3076 dicatur.
997 3011 1090 3084 Quae
1118 3031 1196 3075 saxo
1226 3031 1266 3075 ac

136 3094 165 3160 la
189 3093 257 3165 ides
294 3092 433 3171 Zethus,
466 3096 563 3162 frater
588 3095 678 3185 ejus,
712 3093 754 3160 ad
783 3095 914 3161 Thebas
944 3091 1051 3175 duxit3
1086 3093 1267 3183 diciturque

94 3119 324 3254 sothebarum
351 3179 425 3246 inde
455 3183 606 3248 struxisse
630 3203 746 3246 muros.
790 3179 947 3245 Dircaeus
975 3202 1049 3245 vero
1067 3180 1224 3267 Amphion
1246 3202 1267 3244 a

134 3264 233 3334 Dirce
256 3264 343 3333 sonte
365 3265 557 3354 appellatus,
587 3265 662 3353 quie
687 3277 821 3332 matrem
847 3265 915 3353 ejus
937 3264 981 3330 dii
1000 3265 1032 3330 in
1054 3265 1175 3332 fontem
1196 3287 1267 3333 rnu-

133 3365 288 3423 teverunt.
547 3368 557 3382 ⁶

33 2998 44 3033 Ι

488 3461 565 3552 98.
603 3452 897 3561 Nyctimene.
1011 3494 1013 3499 ·

216 3574 589 3683 Nyctimene.postquam
604 3613 675 3657 cum
690 3600 857 3677 patrerem
868 3587 987 3669 habuit,
1004 3602 1037 3659 et
1045 3593 1174 3680 agnovit
1186 3591 1267 3659 faci.

91 3701 212 3767 ,5nus,
233 3703 269 3745 se
289 3680 320 3743 in
343 3680 424 3746 silvis
447 3680 587 3759 abdidit,
610 3689 643 3744 et
662 3676 766 3742 lucem
785 3673 923 3761 refugit3
945 3676 997 3741 ubi
1017 3676 1149 3744 deorum
1170 3677 1267 3745 mise-

134 3767 257 3915 rationp
276 3785 428 3830 conversa
445 3780 495 3835 est
516 3768 549 3832 in
570 3787 678 3844 avem,
702 3781 786 3849 quae
807 3772 975 3850 protento
993 3761 1136 3832 facinore
1154 3764 1266 3831 aribus

133 3863 183 3918 est
210 3874 228 3916 a
254 3849 419 3916 mirationi.

529 3958 613 4049 99„
653 3959 867 4034 Glaucus.

219 4092 361 4161 Glaucus
388 4089 529 4180 piscator
549 4087 610 4154 fuit
630 4085 673 4153 de
695 4085 883 4154 Anthedone
903 4084 1037 4157 civitate.
1080 4087 1144 4163 Qui
1165 4110 1267 4176 quum

92 4192 244 4272 receptos
262 4179 367 4270 pisces
387 4197 493 4266 super.
503 4175 634 4242 herbam
655 4173 813 4261 posuisset
831 4173 864 4238 in
885 4170 994 4256 litore,
1016 4185 1050 4243 et
1071 4174 1112 4241 illi
1128 4186 1265 4263 recepto
