2632 4658
137 137 215 215 rac
376 116 672 249 „umagen
728 134 989 263 tos-loc.
1187 174 1191 183 ·

138 344 250 426 sesae
272 343 350 396 snos
375 320 612 424 interfecerant.
652 316 730 388 Sola
758 322 1022 475 Hypermnestrn·
1042 324 1264 427 laynaepmf
1312 370 1314 379 ·

138 409 547 597 qpq'eqqqurpquqqqurp
555 408 1169 598 ouqopoffiuspppqqnsqpoprqqqh
1186 408 1264 485 llll„
1308 511 1314 541 ⁴

118 577 855 755 allaldllllqlllarmlldhllllislallhemulmdllellahllhrlllllw
891 589 1022 669 lulum
1053 580 1147 647 mlum
1170 590 1265 661 em

531 850 625 930 loll.
679 854 890 957 Tityus.
926 932 929 939 ,

225 987 359 1079 Tityus,
386 984 511 1053 'l'errae
533 983 633 1063 lilius,
662 990 770 1082 tantae
792 980 851 1048 fnit
871 970 1118 1069 magnitudinis,
1150 994 1189 1053 nt
1207 1006 1269 1053 am-

142 1071 294 1225 plitudine
320 1070 370 1139 sni
400 1072 543 1161 corporis
572 1091 685 1136 norem
696 1088 827 1217 upupera
845 1081 1028 1157 occuparet
1070 1070 1138 1139 Hic
1160 1070 1271 1139 amarit

175 1170 320 1240 atonnm;
350 1170 482 1247 propter
512 1154 600 1246 quod
628 1158 695 1242 Apo
718 1175 775 1220 mas
807 1154 950 1221 conlisus
982 1165 1032 1223 est
1062 1152 1208 1243 sagittis,
1242 1168 1271 1223 et

102 1243 313 1317 addemnatos
337 1242 400 1310 hac
431 1241 505 1329 lege
533 1236 620 1329 apud
646 1238 786 1319 inferos,
820 1251 856 1308 ut
882 1236 1003 1324 vultur,
1032 1240 1272 1315 renascentibus

143 1351 271 1431 semper
291 1328 398 1408 libris,
424 1328 492 1420 ejas
507 1325 603 1417 jecnr'
621 1323 747 1394 exedat

492 1517 587 1595 105.
641 1517 921 1619 Sisyphus.
977 1486 980 1490 ’

144 1696 150 1711 ,
229 1650 338 1724 Quum
373 1648 457 1715 inter
493 1646 559 1713 duc
591 1648 706 1727 maria,
745 1648 937 1737 Sisypheum
969 1643 1116 1715 videlicet
1147 1656 1183 1716 st
1209 1646 1273 1715 Le·

148 1733 302 1813 chaeum,
333 1733 469 1821 positam
499 1743 638 1800 montem
666 1733 820 1823 Sisyphus
850 1732 969 1801 crudeli
989 1730 1156 1800 latrocinio
1179 1754 1273 1801 occu

106 1830 273 1909 aspasset,
294 1818 435 1911 hotnincs
455 1830 713 1907 praetereuntes,
723 1821 764 1899 jn
791 1841 848 1885 ens
869 1842 981 1886 saxum
999 1840 1169 1907 snperens
1184 1840 1273 1923 prae-

60 1922 64 1933 ·
148 1903 326 1994 cipitando,
355 1902 463 1971 solitus
493 1916 562 1972 erat
588 1926 725 1971 necare·
757 1840 855 1980 duod
873 1904 977 1973 scelus
997 1902 1132 1983 luendo,
1162 1900 1275 1971 dicitnr

148 1988 234 2079 apnd
271 1989 389 2071 inferos
425 2000 538 2057 contra
570 1990 685 2056 montis
716 1992 867 2057 verticem
898 2012 1008 2059 saxum
1039 1987 1184 2069 volvere,
1207 2012 1275 2078 qna

148 2095 275 2163 semper
303 2074 430 2163 elapso,
462 2097 633 2164 numquam
664 2074 805 2141 volvendi
833 2076 943 2142 lahorc
965 2075 1108 2164 quiescit.
1151 2074 1276 2143 Dicitur

150 2171 256 2227 autem
275 2157 361 2226 idem
381 2160 555 2250 Sisyphus,
584 2162 682 2233 Jove,
709 2184 746 2225 se
768 2160 964 2247 Aeginam,
988 2160 1098 2247 Asopi
1107 2156 1276 2247 fluminis

107 2241 282 2331 aoflliom,
312 2246 490 2331 rapuisse,
520 2246 580 2333 ipsi
607 2245 775 2325 confesso,
809 2246 871 2311 hoc
892 2245 1056 2333 quaerenti
1076 2244 1169 2331 patri
1180 2244 1277 2311 infida
1306 2220 1316 2360 l

150 2329 279 2397 levitate
307 2329 500 2417 prodidisse,
534 2342 566 2399 et
586 2332 630 2396 ob
654 2330 718 2395 hoc
738 2329 792 2397 tali
815 2329 900 2431 apud
920 2331 1040 2397 inferos
1062 2350 1167 2417 poena
1187 2328 1276 2397 dam·

150 2426 245 2483 natus
270 2438 354 2499 esse,
392 2414 480 2481 Sane
510 2413 620 2482 dehis
642 2416 786 2482 omnihus
807 2437 887 2493 mare
907 2414 1014 2499 reddit
1034 2414 1191 2481 rationem
1209 2415 1278 2483 Iru-

114 2548 124 2565 ,
150 2503 288 2584 cretius,
318 2500 523 2581 confirmans,
544 2501 575 2565 in
597 2512 706 2568 nostra
726 2500 789 2567 vita
809 2523 882 2569 ‚esse
903 2500 1131 2589 omnia,·.qnne
1149 2500 1277 2653 fiugpn

13 2597 16 2601 ’
152 2597 204 2654 tur
232 2584 274 2651 dc
298 2585 416 2653 inferis.
464 2585 551 2653 Dicit
578 2606 732 2673 namque,
766 2585 896 2674 'Pityum
926 2608 1066 2653 amorem
1093 2606 1185 2667 esse,
1238 2608 1278 2654 oc

110 2681 203 2737 mest
229 2666 405 2750 libidinehr,
436 2694 519 2759 quae
537 2669 713 2737 secundum
735 2669 881 2759 physicos
904 2682 937 2739 et
957 2670 1099 2739 medicos
1115 2671 1148 2737 in
1165 2670 1279 2763 jecore

153 2767 221 2835 est,
252 2756 335 2823 sicut
354 2756 442 2820 'risus
472 2756 504 2821 in
533 2755 659 2841 splene,
693 2757 856 2823 iracundia
883 2757 915 2822 in
944 2757 1033 2823 felle:
1066 2754 1154 2835 unde
1183 2758 1276 2825 etiam

153 2863 281 2906 exesum
305 2864 324 2906 a
344 2840 482 2922 vulture,
513 2838 629 2907 dicitur
657 2841 687 2904 in
721 2864 855 2928 poenam
886 2843 1018 2909 renasci.
1061 2841 1191 2927 Etenim
1211 2842 1278 2909 lihi-

153 2926 217 2991 dini
238 2947 302 2992 non
323 2925 441 2993 sufficit
461 2947 512 2993 res
533 2926 631 2993 semel
652 2939 801 3013 peracta,
834 2926 892 2993 sed
922 2924 1117 2994 recrudescit
1143 2949 1277 3033 semper,

152 3011 240 3079 Dicit
256 3013 351 3078 etiam
371 3012 561 3091 Lucretius,
591 3034 650 3101 per
670 3033 742 3091 eos,
769 3035 866 3101 super
886 3036 966 3101 qnos
978 3013 1046 3105 jam
1066 3033 1201 3082 casuras
1221 3036 1277 3081 nn-
1298 3014 1316 3131 'p

110 3098 251 3166 nominet
270 3098 348 3187 lapis
368 3097 597 3200 superstando,
617 3097 778 3184 designari
797 3100 849 3187 qui
870 3098 1005 3165 inaniter
1025 3119 1153 3200 semper
1168 3120 1276 3165 veren-

139 3195 224 3264 tur,
253 3194 286 3249 et
310 3181 353 3248 de
383 3183 496 3249 dus-et
516 3182 604 3249 caelo
624 3183 706 3248 male
726 3186 901 3271 opinantur.
916 3187 922 3197 '
936 3177 1027 3250 Nam
1047 3182 1189 3271 religiosi
1207 3195 1278 3252 sunt

70 3284 73 3289 “
153 3269 284 3359 qniper
303 3268 510 3335 reverentiam
530 3268 650 3336 timent.
692 3269 759 3333 Per
783 3292 839 3335 eos
860 3279 983 3352 autem,
1006 3269 1059 3356 qni
1081 3291 1195 3337 saxum
1214 3268 1275 3338 rol-

154 3365 249 3435 vnnt‚
275 3354 426 3421 ambitum
452 3354 518 3420 vult
545 3363 578 3420 et
599 3351 757 3441 repulsam
777 3355 963 3441 significari,
1000 3354 1073 3443 quia
1101 3354 1202 3423 semel
1228 3376 1275 3423 re·

109 3440 236 3596 „pqlsi
254 3440 407 3594 pstppptres
428 3440 549 3509 ambira
568 3459 631 3505 non
654 3436 809 3509 desinunt
836 3440 904 3508 Per
924 3450 1028 3509 rotam
1045 3450 1154 3511 nutem
1175 3450 1276 3511 ostra

177 3550 187 3593 t
222 3548 307 3615 nego
366 3547 447 3593 ores.

540 3687 651 3764 lon.
704 3687 879 3764 Ixion.
923 3662 926 3669 Ι
1021 3664 1031 3689 l

236 3822 345 3901 Ixion,
373 3818 540 3921 Phlegyae
560 3817 657 3897 lilius,
685 3818 857 3905 imperator
880 3816 1110 3905 Lapitharum,
1137 3817 1278 3887 Thessa·

153 3904 234 3973 licae
261 3908 384 3995 gentis,
416 3898 621 3971 amrcissimus
648 3903 736 3981 Jovi,
770 3925 867 3989 quum
897 3904 987 3969 venia
1015 3904 1082 3969 e'us
1103 3901 1136 3969 lu
1160 3904 1279 3989 caelata

154 3991 323 4060 translatus
352 3990 478 4070 fnisset,
508 3991 667 4056 Junonem
698 3987 740 4055 de
759 4002 869 4075 stupro
890 3930 1086 4077 interpelllrre
1106 4011 1207 4057 ansas
1224 4000 1279 4057 est

114 4078 249 4153 tanae
269 4077 312 4145 de
332 4074 466 4145 andacia
484 4075 551 4165 ejus
575 4084 749 4162 conquesta
768 4074 857 4162 Jori,
882 4072 1036 4141 suadente
1055 4074 1143 4163 ipso,
1166 4096 1227 4165 pro
1244 4095 1280 4141 se

155 4164 271 4231 nahem
299 4162 328 4233 ei
359 4161 524 4251 opposuit,
552 4183 625 4229 cam
652 4182 714 4250 qua
733 4157 826 4227 ixion
845 4158 1032 4243 concubuit3
1067 4158 1154 4228 unde
1182 4158 1281 4249 geniti
