2632 4658
49 270 51 279 ,
144 186 225 305 rao
379 186 671 293 ,armamur
727 184 767 261 o.
822 160 1029 263 n-tn

72 408 79 425 x
146 375 211 444 dita
235 388 283 445 est
303 374 450 443 vivacitas
470 373 600 454 mentis,
617 372 662 439 -in
685 395 784 461 aegro
804 373 947 462 pigrior3
988 373 1019 438 iu
1041 369 1119 439 satis
1140 366 1272 436 invalido

45 496 48 506 ·
93 484 98 492 ·
145 462 239 527 etiarn
261 463 382 529 ratione
403 482 532 531 carens,
553 471 590 526 ut
611 460 642 525 in
664 460 854 551 phreneticis
875 458 1050 538 cernimus;
1070 455 1156 524 adeo
1178 477 1272 544 quum

145 547 185 612 ad
208 568 324 635 corpus
346 547 466 612 venerit
487 546 606 625 anima,
643 567 707 609 non
736 557 848 612 natura
875 567 934 612 sua
964 543 1078 621 utitur,
1118 540 1178 607 sed
1208 539 1270 628 einr

167 632 300 698 ualitate·
317 643 536 698 commutatur.
578 628 658 695 Inde
679 631 772 698 Afros
794 631 873 696 versi
896 630 987 713 elles,
1013 629 1161 695 Graecos
1182 624 1270 703 leves,

121 717 255 784 stallos
278 719 426 804 pigrioris
449 716 589 781 videmus
620 716 754 802 ingenii,
795 738 858 804 quo
913 727 946 782 et
973 724 1088 779 nature
1115 712 1271 785 climatum

144 801 280 890 quadam
302 826 343 868 ex
367 816 458 890 parte
480 802 573 882 facit;
602 802 685 868 sicut
699 800 901 877 Ptolemaeus
922 797 1150 888 deprehendit,
1168 808 1269 865 trans-

142 887 240 953 latum
263 886 304 954 ad
326 886 411 954 aliud
433 885 525 952 clima
545 886 703 952 hominem
724 882 870 953 naturam
889 895 1015 965 mutare
1043 905 1082 949 ex
1114 894 1208 970 parte
1226 879 1269 948 di·

144 995 235 1055 cens3
271 995 310 1039 ex
340 984 410 1039 toto
439 971 523 1037 enirn
549 993 612 1037 non
645 981 767 1060 potest,
806 972 880 1061 quia
908 970 941 1035 in
970 970 1123 1059 principio
1154 977 1269 1034 sortem

143 1056 285 1153 corporis
304 1059 354 1125 sui
374 1057 529 1144 accepit
560 1056 653 1144 Ergo
674 1058 777 1124 anima
797 1081 856 1146 pro
876 1055 1027 1208 ‹pualitate
1048 1056 1102 1122 est*
1120 1051 1269 1142 corporis.
1308 1128 1310 1135 ¹

69 1148 73 1153 ’
102 1164 136 1211 ιο
228 1145 277 1210 ll.
321 1142 389 1210 Sed
419 1141 573 1209 occurrit:
614 1143 725 1216 Quare
751 1165 804 1211 res
836 1163 946 1209 meror
974 1141 1007 1207 in
1037 1148 1199 1230 potestate
1226 1149 1270 1205 est
1306 1140 1310 1157 ¹

141 1227 330 1297 deterioris?
385 1230 489 1314 Atque
517 1225 638 1293 dirinns
670 1227 793 1295 animus
831 1226 957 1318 corpori
988 1225 1112 1301 mortali
1146 1222 1268 1290 omnino

139 1335 307 1403 praeesse,
335 1335 398 1378 non
420 1334 536 1400 corpus
556 1312 689 1379 mortale
709 1326 854 1382 naturam
883 1312 978 1380 animi
998 1310 1109 1385 debuit
1128 1331 1268 1378 corrum-

90 1435 96 1443 ·
140 1423 228 1489 pere.
270 1401 364 1481 Hoc,
393 1400 425 1465 in
449 1400 554 1476 uiunt,
583 1396 657 1463 ideo
678 1400 732 1475 fit,
764 1400 839 1487 quia
865 1399 937 1488 plus
954 1409 1015 1465 -est
1049 1395 1138 1485 quod
1172 1394 1268 1461 conti-

141 1496 215 1566 net,
241 1506 335 1572 quarn
359 1422 446 1572 quoll
470 1483 658 1550 continetur.
701 1484 746 1552 Ut
767 1486 850 1552 enirn
876 1485 945 1563 leo,
982 1480 1210 1551 si-inclnditur
1237 1480 1267 1545 in

101 1571 285 1649 roloream,
327 1569 497 1658 impeditus
533 1567 593 1634 vim
627 1590 719 1636 suam
753 1591 816 1636 non
854 1569 976 1658 perdit,
1028 1567 1086 1634 sed
1118 1586 1269 1634 exercere

141 1678 204 1720 non
226 1666 349 1742 potest;
378 1656 423 1722 ita
443 1654 564 1720 animus
586 1653 618 1731 in
640 1654 783 1742 corporis
804 1655 877 1722 vitia
904 1675 967 1721 non
988 1653 1118 1733 transit,
1152 1649 1212 1718 sed
1230 1672 1267 1717 er

142 1740 211 1830 ejus
233 1740 454 1831 conjonctione
478 1740 519 1805 im
543 1737 657 1818 editur,
679 1762 741 1807 nec
760 1763 851 1807 suam
872 1749 1002 1807 exercet
1021 1741 1090 1806 vim.
1120 1735 1268 1805 Occurrit

144 1848 281 1914 namque
309 1835 342 1892 et
367 1824 457 1892 illud:
537 1846 610 1891 mne
637 1824 726 1911 quod
754 1826 982 1916 corrumpitur,
1015 1832 1182 1891 aeternum
1209 1842 1268 1888 non

142 1923 209 1992 est;
239 1909 297 1976 sed
321 1911 443 1978 animus
464 1910 693 1998 corrumpitur3
727 1911 874 1980 irascitur
895 1912 1031 1989 enimet
1054 1910 1185 1989 insanit,
1214 1906 1266 1974 de·

53 2076 56 2081 .
100 1995 262 2064 sonuerat
289 2006 321 2065 et
350 1998 458 2076 timet;
497 2005 585 2065 caret
620 1997 731 2085 itaque
769 1997 976 2078 aeternitate,
1015 1994 1067 2061 cui
1101 1995 1164 2062 ista
1194 2016 1267 2061 con-

130 2082 241 2148 traria
260 2091 353 2164 sunt;
390 2104 461 2148 nam
483 2081 589 2170 passio
610 2081 829 2149 aeternitatem
849 2082 984 2150 resolvit
1025 2078 1122 2167 Huic¹
1143 2078 1267 2146 conclu-

142 2167 220 2233 sioni
243 2168 323 2233 ratio
345 2168 545 2254 refragatur,
583 2166 662 2269 quia'
677 2167 798 2234 animus
827 2191 888 2256 per
913 2192 968 2249 se,
1008 2164 1172 2256 inquiunt,
1186 2163 1268 2257 ,nuit

17 2277 21 2305 ι
142 2253 277 2340 patitur,
318 2253 376 2325 sed
406 2276 445 2320 ex
472 2274 613 2339 corpons
637 2251 760 2319 laborat
787 2254 1017 2343 conjunctione.
1066 2247 1161 2317 Aliud
1189 2249 1266 2317 eninr

56 2360 62 2371 ’
142 2348 208 2416 est,
249 2358 306 2424 per
336 2360 425 2405 suam
459 2338 618 2424 corrumpi
647 2348 810 2420 naturum,
845 2339 948 2419 aliud,
988 2357 1047 2426 per
1078 2336 1268 2403 contrarium

101 2434 136 2484 aa
144 2423 190 2488 rei
211 2421 347 2488 alterius.
392 2422 544 2490 Videmus
566 2423 649 2489 enim
667 2423 731 2490 tale
752 2423 868 2512 aliquid
890 2425 920 2490 in
939 2425 1087 2505 lucerna,
1129 2444 1194 2488 nae
1212 2441 1270 2512 per

142 2531 178 2574 se
209 2507 293 2585 clara
317 2520 383 2587 est,
420 2521 452 2576 et
480 2509 600 2588 locum,
629 2508 661 2572 in
688 2532 752 2611 quo
784 2520 849 2590 est,
888 2511 955 2578 sine
985 2508 1091 2574 dubio'
1108 2444 1268 2589 illuminat

143 2593 236 2667 Quae
257 2594 284 2657 si
305 2594 434 2681 quando
454 2605 594 2662 retracta
623 2594 719 2662 luerit
739 2604 772 2659 et
793 2595 929 2677 inclusa,
960 2591 1067 2683 locum
1087 2591 1218 2681 quidem
1236 2590 1269 2658 il-

141 2677 295 2743 luminare
325 2677 455 2758 desinit,
495 2676 697 2765 splendorem
721 2690 827 2746 autem
859 2681 1022 2771 proprium
1056 2700 1120 2744 non
1151 2676 1270 2745 amittit

143 2762 282 2827 Remoto
312 2786 450 2850 namque
475 2762 717 2851 impedimento,
751 2778 892 2853 apparet
949 2765 1022 2833 Nec
1054 2763 1165 2851 fulgor
1193 2761 1269 2852 ejus,
1309 2806 1316 2867 1

101 2847 286 2934 anquamvis
309 2847 496 2937 impeditus,
528 2847 601 2913 ideo
623 2849 724 2915 etiam·
740 2861 789 2917 est
811 2862 991 2942 corruptus.
1031 2847 1082 2917 Ita
1101 2869 1189 2937 ergo
1205 2849 1271 2915 ani·

142 2952 230 3010 mus,
262 2931 424 3020 inquiunt,
456 2933 604 3022 quamdiu
626 2934 727 3002 estin
750 2958 904 3025 corpore,
939 2933 1031 3005 simul
1054 2935 1124 3025 ejus
1153 2934 1270 3022 patitur

143 3018 376 3103 contagionem.
419 3021 460 3087 At
490 3042 590 3107 quum
617 3042 736 3108 corpus
763 3021 963 3125 deposuerit,
996 3020 1161 3109 antiquum
1189 3018 1269 3086 reci·

141 3102 189 3189 pit
210 3103 371 3188 vigorem,
398 3116 432 3172 et
449 3117 563 3172 natura
584 3105 682 3173 utitur
702 3126 840 3195 propria.
1124 3122 1128 3127 '

228 3191 278 3264 la,
322 3192 489 3273 Occurrit:
523 3190 560 3256 Si
581 3212 662 3277 ergo
682 3193 845 3279 propriam
865 3190 979 3281 recipit
992 3202 1150 3272 naturam,
1170 3210 1270 3279 quare

101 3287 264 3361 topoenas
285 3273 371 3364 apud
389 3276 507 3341 inferos
527 3276 668 3363 patitur?
720 3278 817 3359 Ideo,
848 3278 953 3367 ajunt,
988 3275 1077 3366 quod
1105 3277 1181 3343 licet
1202 3296 1270 3342 cor-

142 3380 223 3446 pore
242 3358 406 3448 deposito,
435 3382 499 3425 non
521 3374 626 3426 tamen
648 3360 690 3426 ad
711 3362 843 3428 nitorem
869 3386 963 3432 suurn
988 3362 1175 3445 revertitur3
1212 3382 1270 3427 nec
1310 3371 1316 3424 t

141 3454 259 3592 potest.
301 3446 356 3513 Uti
378 3448 404 3514 si
426 3447 630 3534 margaritam
651 3446 835 3530 candidam,
864 3450 1017 3517 inlutum
1037 3449 1182 3527 missam,
1204 3445 1269 3535 pol

155 3550 227 3610 uas,
255 3532 424 3621 statimque
445 3555 516 3599 eam
535 3529 610 3597 inde
630 3532 779 3614 auferas,
815 3552 876 3616 non
899 3535 1020 3602 idcirco
1034 3532 1198 3602 'sordibus
1219 3552 1270 3599 ra·
1299 3582 1302 3586 »

143 3624 209 3694 ret,
238 3615 296 3681 sed
317 3618 506 3686 ablutionem
528 3617 666 3703 requirit.
709 3619 766 3686 Sic
786 3630 820 3687 et
839 3620 995 3702 animam,-
1029 3620 1137 3687 adhue·
1157 3638 1270 3707 eorpo-

100 3696 187 3773 mris
208 3703 401 3788 contagione
421 3704 630 3791 inquinatam,
665 3703 784 3770 etiarnsi
807 3727 923 3810 corpus
945 3706 1118 3794 deponat,=·
1137 3722 1183 3791 pu
1226 3701 1272 3767 ari

143 3794 253 3936 tvamep
269 3808 401 3857 necesse
422 3802 488 3879 est3
522 3810 604 3876 quae
624 3790 890 3882 purgatuinciprt
909 3790 1022 3859 clarior
1049 3798 1135 3858 esse:¹
1208 3786 1273 3855 nde

172 3890 199 3934 rr
244 3894 309 3938 rus:
573 3888 577 3892 '
678 3926 681 3931 .
822 3894 824 3899 '
853 3902 856 3913 ·

195 3890 346 4029 ,ngonec
366 3946 475 4044 longo
493 3958 587 4038 dies,
612 3956 767 4047 perfecto
789 3958 1094 4050 temporis-orbe,-

136 4061 138 4065 ·
228 4039 429 4104 Concretam
446 4043 574 4107 exemit
594 4041 705 4108 labem

100 4120 223 4189 aslnde
242 4135 309 4201 est,
330 4125 417 4214 quod
440 4127 521 4194 aliae
540 4129 663 4195 animae
682 4128 823 4198 lunarem
844 4130 1012 4208 circulum,
1042 4129 1125 4196 aliae
1137 4127 1272 4196 solarem

142 4231 200 4295 pro
221 4208 318 4276 modo
347 4211 550 4300 perfeetionis
578 4226 687 4281 tenere
721 4217 877 4295 dicuntur.
932 4217 1018 4284 Hine
1048 4227 1081 4283 et
1102 4215 1276 4285 Palinurus
1310 4230 1314 4385 p
