2632 4658
79 182 154 261 rra
383 164 616 280 ²''2ssyoogs
645 178 704 252 11:
752 168 856 253 rae:

78 360 196 431 la‘lerr'e
236 358 387 429 Theseus
410 370 516 455 autom
529 364 672 449 Aegeum
692 366 829 465 patrem,
848 358 1209 443 tuucmmluumdeum,

79 448 222 535 rogavit,
254 454 291 515 ut
315 469 351 512 se
380 442 597 535 ulciscereturs
639 446 703 521 Qus
732 446 868 549 agitanti
886 468 1005 515 currus
1035 447 1211 539 Hippolyte

78 530 205 600 immisit
232 532 371 623 phocam
395 530 429 596 iu
451 530 567 611 lithr'e3
586 534 661 619 {qua
693 553 766 619 equs
788 530 890 600 territi
918 554 993 599 eum
1016 552 1116 599 curru
1137 542 1211 623 pro·

73 618 198 712 jectum
234 617 477 709 discerpserunt.
526 614 595 682 Sed
630 616 808 721 Hippolyto
830 616 1025 705 interemto,
1059 618 1213 685 Phaedra

53 704 195 785 samoris
212 700 406 796 impatientia
426 703 540 791 la'queo
562 702 655 767 iitam
677 704 784 769 linivit.
814 701 919 771 Diana
933 712 1049 783 autem,
1065 704 1212 785 castitate

77 788 242 881 Hi'p'p'clyti
265 794 449 877 commdtu',¹
464 787 624 853 revocavit
640 810 714 853 eum
733 788 766 853 iu
787 788 960 876 vitamper
978 788 1211 878 Aesculapium,

76 876 174 941 lilium
194 873 341 971 'Apollinis
362 874 396 939 et
410 872 607 953 ‘Oo'ronidis,
637 873 721 939 saliae
741 872 823 939 Phle
850 896 926 963 yae,
946 885 1055 940 natum
1078 886 1210 941 exsecto

77 960 194 1027 ma'tiis‘
213 971 342 1029 renue.··
375 958 483 1047 Quum
511 970 617 1031 autem
639 954 748 1045 Apollo
771 982 810 1024 au
836 972 912 1027 rsset
932 982 952 1026 a
971 980 1088 1041 corvo,
1116 980 1212 1047 quem

80 1042 235 1111 Coronidi
245 1044 397 1110 'adhibuit
412 1043 595 1123 'custodem
616 1052 687 1109 eam
708 1066 780 1109 cum
802 1042 1103 1134 Lyco·edulterium
1124 1068 1212 1113 com·

37 1132 223 1211 tumisisse,
237 1130 337 1196 iratus
348 1128 553 1208 Coronidem,
573 1140 697 1194 maturo
711 1129 775 1218 jam
793 1141 896 1218 partu,
918 1130 1048 1199 confixit
1068 1131 1212 1218 sagittis3

70 1236 206 1282 ¹corvum
229 1237 320 1295 vero,
349 1236 524 1301 pennarum
546 1213 688 1279 candore
707 1214 897 1302 plumatum,
928 1217 1055 1304 nigrum
1076 1238 1117 1283 ex
1139 1214 1211 1283 albo

77 1303 233 1382 lecit„et
259 1302 305 1369 iu¹
320 1322 418 1379 suam,
437 1299 567 1377 tutelam
589 1299 728 1387 recepit,
762 1312 954 1389 exsectaque
975 1313 1093 1369 ventre.
1106 1301 1211 1370 Coro·

77 1387 176 1466 nidis,
197 1384 347 1473 produxit
367 1385 610 1473 Aesculapium,
631 1388 685 1472 qui
701 1385 804 1455 sactus
820 1399 870 1454 cst
887 1385 1062 1453 medicinae
1080 1387 1211 1477 peritus.

78 1472 242 1560 Phlegyas
269 1483 392 1549 autem,
421 1482 512 1557 pater
540 1469 727 1549 Coronidis,
753 1468 864 1538 dolens
887 1471 984 1540 liliam
1005 1473 1046 1541 ab
1067 1470 1210 1561 Apolline

38 1558 240 1633 latitietams
268 1554 515 1643 ejus„,templum
538 1552 624 1642 apud
641 1552 953 1645 Delphosioceudit.
994 1552 1091 1631 Unde
1110 1558 1209 1645 iratus

68 1641 201 1727 Apollo·
223 1641 411 1729 Cyclopas„
424 1640 646 1713 'labricatores
684 1640 864 1724 fulminum,
911 1642 1041 1725 conlisit
1074 1642 1209 1733 sagittis.

76 1730 130 1799 ou
150 1748 245 1813 quam
266 1748 332 1801 rem
354 1725 517 1807 mortalem
536 1723 666 1793 indutus
691 1726 898 1808 formam,.·a
924 1726 1007 1799 Jove
1029 1726 1140 1815 jussus
1162 1737 1210 1796 est

76 1811 202 1881 Admeti
224 1812 309 1897 segis
332 1809 562 1893 heremannis.
576 1810 664 1878 cirea
682 1806 911 1901 Amphrysum,
938 1811 1127 1903 Thessaliae
1147 1812 1208 1892 llu-

77 1898 176 1975 uium,
196 1908 509 1985 pascere-armenta,
531 1892 692 1965 diuinitate
714 1896 869 1985 deposita,
889 1954 893 1961 .
912 1895 979 1963 Sed
1000 1896 1106 1973 Diana
1125 1894 1207 1987 Hip·

33 2003 68 2057 uo
77 1982 235 2071 ptolytum,
266 1983 517 2063 revocatumab.
531 1982 663 2069 inseris,
677 1982 716 2055 ¹in
736 1972 840 2067 Aricia
858 1980 1026 2071 Nymphae
1047 1978 1207 2053 commea,

51 2126 54 2131 .
77 2068 366 2153 davit-Egeriae„
380 2078 413 2143 et
442 2088 516 2137 eum
532 2060 881 2154 .Vir‚hiupp„,quasi·his
902 2066 1131 2159 virumjussit
1152 2092 1206 2139 vo-

75 2153 160 2229 ceri,¹
188 2154 321 2219 Revera
347 2165 452 2225 autem
481 2151 608 2221 Virbius
638 2164 754 2223 est-nu
788 2174 828 2238 ep
849 2149 1049 2245 conjunctum
1069 2152 1206 2247 Dianae,

74 2250 110 2303 ut
125 2239 228 2319 maai
245 2236 448 2319 deum.htis,·
476 2236 638 2301 Minervae
661 2177 904 2325 Erichihopius,
937 2236 1055 2307 Veneri
1075 2238 1206 2323 Addirip,

74 2324 206 2409 liabent
218 2342 367 2409 ,natisque
384 2320 508 2408 singula
529 2321 657 2387 numina
670 2321 836 2405 iuferipres
852 2318 1207 2410 potestateemmislsat'

33 2407 245 2481 aaran-iamm-
272 2420 377 2473 autem
411 2430 436 2487 a¹
460 2406 564 2507 poetis
592 2406 727 2477 tabulae.
769 2398 854 2479 Nam
878 2406 1028 2493 Virgilius
1049 2400 1204 2498 per'hipe't,

73 2492 281 2580 Hippolytum
315 2494 355 2557 ab
383 2491 492 2557 inferis
524 2516 595 2558 esse
628 2504 821 2559 revocatum.
887 2490 1041 2559 Horatius
1077 2506 1205 2561 contrat

37 2638 41 2655 ,
65 2577 197 2663 Neque
225 2580 317 2641 enim
346 2577 470 2659 Diana
488 2576 811 2663 ,pudieaumliberfpt
832 2576 967 2663 Hippel
991 2589 1077 2641 trena.
1120 2579 1206 2651 Nam

72 2662 265 2751 Hippolytus
288 2662 363 2726 licet
383 2658 488 2727 discer
511 2673 561 2728 tus
583 2661 616 2726 iu
638 2661 730 2730 vitam
743 2654 929 2728 'secundum
957 2600 1080 2739 liubulam
1101 2663 1205 2741 redie-

10 2798 17 2807 ,
73 2746 130 2829 rit,
150 2745 472 2849 tomeumortip'con
495 2746 783 2825 itionem-eradere
802 2768 868 2825 uon
887 2746 1001 2845 potuit.
1040 2776 1043 2785 ·
1067 2771 1072 2787 ·

31 2940 103 3040 soi·
215 2916 286 3035 i
318 2962 537 3041 lue
584 2926 864 3064 Oenopion

149 3086 453 3181 'Oenoplo'nj'efflqul'
472 3103 506 3160 et
534 3092 692 3178 Pelasgus
722 3090 853 3167 dicitur,
884 3111 941 3157 rex
969 3082 1066 3178 quum
1088 3086 1206 3155 liberos

72 3188 136 3241 nus
156 3162 308 3259 halteret,
338 3178 472 3257 adore,
503 3176 683 3257 Mercurio,
712 3176 943 3264 Neptunoque,
989 3199 1048 3245 uos
1068 3173 1206 3263 hospitio

71 3278 271 3350 susceperat,
310 3264 525 3339 hortantibus,
559 3277 595 3330 ut
626 3265 665 3335 ah
688 3261 735 3326 his
758 3262 862 3349 aliquo
882 3198 1074 3349 postdiaret,
1106 3261 1206 3347 petiit,

73 3362 107 3414 ut
143 3350 202 3414 sibi
242 3347 560 3415 concederent-'sine'
596 3346 736 3436 conjuge
761 3346 885 3414 liberos.
942 3347 1005 3426 Illi,
1041 3347 1125 3418 intra
1153 3368 1209 3412 co-

30 3436 169 3506 assium·
198 3434 349 3506 iutrnulati
379 3435 452 3503 ¹sihi
486 3433 575 3503 bovis
607 3433 698 3505 urina
727 3432 827 3512 lacta,
873 3442 1123 3523 praeceperunt,
1172 3438 1209 3497 ut

72 3521 221 3587 obrutum
262 3533 366 3603 terra,
400 3520 575 3606 ,eompletis
615 3518 763 3588 maternis
799 3518 977 3597 mensibus,
1022 3514 1207 3591 solveretur,

72 3605 145 3675 Quo
172 3606 275 3685 facto,
313 3610 457 3673 iuventus
491 3616 540 3670 est
568 3626 665 3693 puer,
701 3604 752 3669 eui
786 3625 900 3667 nomen
937 3604 977 3671 ab
999 3600 1119 3674 urina
1148 3600 1207 3667 im·

71 3691 208 3775 positum
246 3704 310 3771 cst,
361 3706 397 3758 nt
432 3691 569 3757 Orion·
595 3689 765 3755 diceretur.
827 3689 891 3761 Qut
930 3697 1040 3773 postea
1076 3690 1209 3753 uenator

23 3851 25 3855 ι
72 3775 193 3854 laetus,
217 3774 292 3839 dum
314 3778 404 3843 vellet
428 3800 501 3857 cunt
521 3776 628 3851 Diana
648 3775 876 3850 concumbere,
900 3783 935 3838 ut
949 3770 1102 3838 Horatius
1121 3771 1207 3851 dicit,

31 3861 141 3949 aoejos
163 3862 286 3949 sagittis
310 3863 435 3945 occisus
454 3874 518 3943 est;
540 3870 577 3935 ut
597 3862 766 3940 Lucanus,
786 3858 925 3931 immisso
945 3857 1071 3922 'l'errae
1092 3857 1208 3924 auxilie

73 3944 241 4041 scorpione
267 3940 396 4032 perliti*
432 3942 538 4022 utem
575 3946 725 4033 ,luppiter
762 3945 795 4018 in
841 3940 963 4008 caelum
1000 3940 1208 4026 transferens,

70 4030 198 4115 [siguum
221 4030 640 4121 sauros'ur'n't'empestatibus
664 4031 747 4097 fecit.
792 4028 942 4095 Similiter
961 4036 994 4093 et
1014 4025 1120 4096 Diana
1143 4030 1208 4095 uln-

72 4118 176 4191 dice'm
197 4138 288 4182 suum
302 4118 339 4182 'iu'
361 4116 482 4185 daelhm
503 4114 668 4185 transtulit.
711 4115 779 4183 Sed
801 4114 866 4185 veri
887 4112 1014 4178 similius
1036 4124 1096 4189 ast,
1110 4113 1210 4205 ¹‹yurtd

46 4210 50 4215 '
71 4226 91 4268 a
112 4202 280 4289 scorpione
300 4202 486 4273 interemtus
511 4226 583 4271 esse
605 4202 739 4285 dieitur,
769 4222 832 4288 quo
855 4197 975 4265 oriente
995 4197 1124 4267 occidit
1162 4288 1170 4301 ν
