<?xml version="1.0" encoding="UTF-8"?>
<!DOCTYPE html PUBLIC "-//W3C//DTD XHTML 1.0 Transitional//EN"
    "http://www.w3.org/TR/xhtml1/DTD/xhtml1-transitional.dtd">
<html xmlns="http://www.w3.org/1999/xhtml" xml:lang="en" lang="en">
 <head>
  <title>
</title>
<meta http-equiv="Content-Type" content="text/html;charset=utf-8" />
  <meta name='ocr-system' content='tesseract 3.04.00' />
  <meta name='ocr-capabilities' content='ocr_page ocr_carea ocr_par ocr_line ocrx_word'/>
</head>
<body>
  <div class='ocr_page' id='page_1' title='image "./scriptoresrereu01bodegoog_0167.png"; bbox 0 0 2616 4658; ppageno 0'>
   <div class='ocr_carea' id='block_1_1' title="bbox 72 86 921 232">
    <p class='ocr_par' dir='ltr' id='par_1_1' title="bbox 72 86 921 232">
     <span class='ocr_line' id='line_1_1' title="bbox 72 86 921 232; baseline 0 -25"><span class='ocrx_word' id='word_1_1' title='bbox 72 128 76 137; x_wconf 85' lang='lat'>·</span> <span class='ocrx_word' id='word_1_2' title='bbox 152 132 229 210; x_wconf 82' lang='lat' dir='ltr'>ms</span> <span class='ocrx_word' id='word_1_3' title='bbox 469 86 474 95; x_wconf 82' lang='grc'>’</span> <span class='ocrx_word' id='word_1_4' title='bbox 513 128 692 232; x_wconf 49' lang='lat' dir='ltr'>snum.</span> <span class='ocrx_word' id='word_1_5' title='bbox 720 133 773 205; x_wconf 90' lang='lat' dir='ltr'>n.</span> <span class='ocrx_word' id='word_1_6' title='bbox 803 130 921 221; x_wconf 77' lang='lat' dir='ltr'>sor.</span> 
     </span>
    </p>
   </div>
   <div class='ocr_carea' id='block_1_2' title="bbox 15 312 1293 3730">
    <p class='ocr_par' dir='ltr' id='par_1_2' title="bbox 15 312 1293 3730">
     <span class='ocr_line' id='line_1_2' title="bbox 15 312 1282 419; baseline 0.011 -36"><span class='ocrx_word' id='word_1_7' title='bbox 15 390 21 403; x_wconf 58' lang='grc'>,</span> <span class='ocrx_word' id='word_1_8' title='bbox 149 318 281 387; x_wconf 82' lang='lat' dir='ltr'>bibitum</span> <span class='ocrx_word' id='word_1_9' title='bbox 302 334 375 384; x_wconf 78' lang='lat' dir='ltr'>esso</span> <span class='ocrx_word' id='word_1_10' title='bbox 393 312 521 389; x_wconf 87' lang='lat' dir='ltr'>dicunt,</span> <span class='ocrx_word' id='word_1_11' title='bbox 551 334 593 380; x_wconf 88' lang='lat' dir='ltr'>ue</span> <span class='ocrx_word' id='word_1_12' title='bbox 621 336 642 381; x_wconf 87' lang='lat' dir='ltr'>a</span> <span class='ocrx_word' id='word_1_13' title='bbox 666 314 770 404; x_wconf 87' lang='lat' dir='ltr'>prole,</span> <span class='ocrx_word' id='word_1_14' title='bbox 798 340 882 405; x_wconf 84' lang='lat' dir='ltr'>quae</span> <span class='ocrx_word' id='word_1_15' title='bbox 900 332 1107 404; x_wconf 83' lang='lat' dir='ltr'>nasceretur,</span> <span class='ocrx_word' id='word_1_16' title='bbox 1140 327 1282 419; x_wconf 82' lang='lat' dir='ltr'>Joppiter</span> 
     </span>
     <span class='ocr_line' id='line_1_3' title="bbox 147 400 1280 557; baseline 0.012 -88"><span class='ocrx_word' id='word_1_17' title='bbox 147 424 251 491; x_wconf 81' lang='lat' dir='ltr'>regno</span> <span class='ocrx_word' id='word_1_18' title='bbox 272 401 448 491; x_wconf 82' lang='lat' dir='ltr'>pelleretur.</span> <span class='ocrx_word' id='word_1_19' title='bbox 490 400 580 503; x_wconf 69' lang='lat' dir='ltr'>iguis</span> <span class='ocrx_word' id='word_1_20' title='bbox 599 400 702 503; x_wconf 77' lang='lat' dir='ltr'>cuim,</span> <span class='ocrx_word' id='word_1_21' title='bbox 729 401 762 467; x_wconf 92' lang='lat' dir='ltr'>id</span> <span class='ocrx_word' id='word_1_22' title='bbox 783 417 833 481; x_wconf 86' lang='lat' dir='ltr'>est</span> <span class='ocrx_word' id='word_1_23' title='bbox 851 404 1016 557; x_wconf 75' lang='lat' dir='ltr'>Juppiter,</span> <span class='ocrx_word' id='word_1_24' title='bbox 1040 409 1081 477; x_wconf 90' lang='lat' dir='ltr'>-si</span> <span class='ocrx_word' id='word_1_25' title='bbox 1103 434 1182 481; x_wconf 91' lang='lat' dir='ltr'>cum</span> <span class='ocrx_word' id='word_1_26' title='bbox 1203 440 1280 504; x_wconf 79' lang='lat' dir='ltr'>aqua</span> 
     </span>
     <span class='ocr_line' id='line_1_4' title="bbox 147 490 1280 580; baseline 0.006 -25"><span class='ocrx_word' id='word_1_27' title='bbox 147 490 353 566; x_wconf 75' lang='lat' dir='ltr'>misceretur,</span> <span class='ocrx_word' id='word_1_28' title='bbox 373 507 476 575; x_wconf 86' lang='lat' dir='ltr'>aquae</span> <span class='ocrx_word' id='word_1_29' title='bbox 494 497 607 552; x_wconf 77' lang='lat' dir='ltr'>rrnute</span> <span class='ocrx_word' id='word_1_30' title='bbox 624 498 871 573; x_wconf 80' lang='lat' dir='ltr'>extrugueretor.</span> <span class='ocrx_word' id='word_1_31' title='bbox 925 494 1049 580; x_wconf 84' lang='lat' dir='ltr'>uppiter</span> <span class='ocrx_word' id='word_1_32' title='bbox 1069 510 1183 567; x_wconf 82' lang='lat' dir='ltr'>autem</span> <span class='ocrx_word' id='word_1_33' title='bbox 1204 501 1280 568; x_wconf 75' lang='lat' dir='ltr'>banc</span> 
     </span>
     <span class='ocr_line' id='line_1_5' title="bbox 147 566 1279 674; baseline 0.01 -34"><span class='ocrx_word' id='word_1_34' title='bbox 147 574 309 665; x_wconf 83' lang='lat' dir='ltr'>conjunxit</span> <span class='ocrx_word' id='word_1_35' title='bbox 334 572 444 639; x_wconf 83' lang='lat' dir='ltr'>Peleo.</span> <span class='ocrx_word' id='word_1_36' title='bbox 490 566 604 657; x_wconf 74' lang='lat' dir='ltr'>Hnlds</span> <span class='ocrx_word' id='word_1_37' title='bbox 631 572 713 637; x_wconf 84' lang='lat' dir='ltr'>eninr</span> <span class='ocrx_word' id='word_1_38' title='bbox 735 574 862 649; x_wconf 79' lang='lat' dir='ltr'>Graece</span> <span class='ocrx_word' id='word_1_39' title='bbox 882 574 997 641; x_wconf 83' lang='lat' dir='ltr'>lutum</span> <span class='ocrx_word' id='word_1_40' title='bbox 1018 578 1148 649; x_wconf 88' lang='lat' dir='ltr'>dicitur.</span> <span class='ocrx_word' id='word_1_41' title='bbox 1192 586 1279 674; x_wconf 82' lang='lat' dir='ltr'>Ergo</span> 
     </span>
     <span class='ocr_line' id='line_1_6' title="bbox 120 655 1279 747; baseline 0.001 -19"><span class='ocrx_word' id='word_1_42' title='bbox 120 676 263 731; x_wconf 85' lang='lat' dir='ltr'>nterram</span> <span class='ocrx_word' id='word_1_43' title='bbox 282 680 365 746; x_wconf 82' lang='lat' dir='ltr'>aqua</span> <span class='ocrx_word' id='word_1_44' title='bbox 382 659 509 722; x_wconf 85' lang='lat' dir='ltr'>mixtam</span> <span class='ocrx_word' id='word_1_45' title='bbox 532 655 637 722; x_wconf 82' lang='lat' dir='ltr'>volunt</span> <span class='ocrx_word' id='word_1_46' title='bbox 657 656 814 723; x_wconf 88' lang='lat' dir='ltr'>bominem</span> <span class='ocrx_word' id='word_1_47' title='bbox 837 681 1033 747; x_wconf 78' lang='lat' dir='ltr'>procreasse.</span> <span class='ocrx_word' id='word_1_48' title='bbox 1077 668 1207 739; x_wconf 85' lang='lat' dir='ltr'>Omnes</span> <span class='ocrx_word' id='word_1_49' title='bbox 1228 697 1279 739; x_wconf 80' lang='lat' dir='ltr'>au.</span> 
     </span>
     <span class='ocr_line' id='line_1_7' title="bbox 145 741 1278 845; baseline 0.009 -32"><span class='ocrx_word' id='word_1_50' title='bbox 145 762 207 814; x_wconf 89' lang='lat' dir='ltr'>tem</span> <span class='ocrx_word' id='word_1_51' title='bbox 230 745 272 810; x_wconf 90' lang='lat' dir='ltr'>dii</span> <span class='ocrx_word' id='word_1_52' title='bbox 291 743 408 832; x_wconf 88' lang='lat' dir='ltr'>nuptiis</span> <span class='ocrx_word' id='word_1_53' title='bbox 429 741 592 827; x_wconf 82' lang='lat' dir='ltr'>linguntur</span> <span class='ocrx_word' id='word_1_54' title='bbox 612 742 807 821; x_wconf 69' lang='lat' dir='ltr'>interfuisse,</span> <span class='ocrx_word' id='word_1_55' title='bbox 836 745 910 831; x_wconf 85' lang='lat' dir='ltr'>quia</span> <span class='ocrx_word' id='word_1_56' title='bbox 935 748 1112 817; x_wconf 86' lang='lat' dir='ltr'>secundnm</span> <span class='ocrx_word' id='word_1_57' title='bbox 1136 778 1278 845; x_wconf 78' lang='lat' dir='ltr'>paganos</span> 
     </span>
     <span class='ocr_line' id='line_1_8' title="bbox 142 825 1276 1008; baseline 0.011 -27"><span class='ocrx_word' id='word_1_58' title='bbox 142 825 461 982; x_wconf 73' lang='lat' dir='ltr'>nnnrcn</span> <span class='ocrx_word' id='word_1_59' title='bbox 483 827 1276 1008; x_wconf 62' lang='lat' dir='ltr'>tranennanneten</span> 
     </span>
     <span class='ocr_line' id='line_1_9' title="bbox 142 962 1275 1087; baseline 0.006 -21"><span class='ocrx_word' id='word_1_60' title='bbox 142 1002 287 1077; x_wconf 83' lang='lat' dir='ltr'>Martem,</span> <span class='ocrx_word' id='word_1_61' title='bbox 304 962 576 1083; x_wconf 72' lang='lat' dir='ltr'>rencsctiinguinu</span> <span class='ocrx_word' id='word_1_62' title='bbox 588 998 753 1077; x_wconf 83' lang='lat' dir='ltr'>Venerem,</span> <span class='ocrx_word' id='word_1_63' title='bbox 773 964 872 1087; x_wconf 83' lang='lat' dir='ltr'>pedes</span> <span class='ocrx_word' id='word_1_64' title='bbox 881 1000 1084 1071; x_wconf 86' lang='lat' dir='ltr'>Mercurium.</span> <span class='ocrx_word' id='word_1_65' title='bbox 1106 976 1275 1079; x_wconf 61' lang='lat' dir='ltr'>Discordia</span> 
     </span>
     <span class='ocr_line' id='line_1_10' title="bbox 101 1082 1273 1173; baseline 0.011 -20"><span class='ocrx_word' id='word_1_66' title='bbox 101 1100 248 1154; x_wconf 83' lang='lat' dir='ltr'>rooutem</span> <span class='ocrx_word' id='word_1_67' title='bbox 271 1086 339 1153; x_wconf 87' lang='lat' dir='ltr'>sola</span> <span class='ocrx_word' id='word_1_68' title='bbox 357 1084 389 1150; x_wconf 93' lang='lat' dir='ltr'>iu</span> <span class='ocrx_word' id='word_1_69' title='bbox 410 1082 630 1173; x_wconf 87' lang='lat' dir='ltr'>conjunctione</span> <span class='ocrx_word' id='word_1_70' title='bbox 651 1105 753 1171; x_wconf 86' lang='lat' dir='ltr'>aquae</span> <span class='ocrx_word' id='word_1_71' title='bbox 781 1096 814 1151; x_wconf 89' lang='lat' dir='ltr'>ct</span> <span class='ocrx_word' id='word_1_72' title='bbox 834 1095 956 1165; x_wconf 86' lang='lat' dir='ltr'>terrae,</span> <span class='ocrx_word' id='word_1_73' title='bbox 986 1086 1019 1152; x_wconf 95' lang='lat' dir='ltr'>id</span> <span class='ocrx_word' id='word_1_74' title='bbox 1049 1104 1100 1159; x_wconf 89' lang='lat' dir='ltr'>est</span> <span class='ocrx_word' id='word_1_75' title='bbox 1130 1096 1273 1167; x_wconf 80' lang='lat' dir='ltr'>&#39;l&#39;betidis</span> 
     </span>
     <span class='ocr_line' id='line_1_11' title="bbox 142 1168 1271 1263; baseline 0.011 -25"><span class='ocrx_word' id='word_1_76' title='bbox 142 1184 175 1238; x_wconf 88' lang='lat' dir='ltr'>ct</span> <span class='ocrx_word' id='word_1_77' title='bbox 195 1172 297 1251; x_wconf 89' lang='lat' dir='ltr'>Pelei,</span> <span class='ocrx_word' id='word_1_78' title='bbox 319 1192 381 1235; x_wconf 89' lang='lat' dir='ltr'>nou</span> <span class='ocrx_word' id='word_1_79' title='bbox 402 1168 633 1247; x_wconf 79' lang='lat' dir='ltr'>intromittitur,</span> <span class='ocrx_word' id='word_1_80' title='bbox 654 1168 726 1256; x_wconf 82' lang='lat' dir='ltr'>quia</span> <span class='ocrx_word' id='word_1_81' title='bbox 742 1180 874 1257; x_wconf 89' lang='lat' dir='ltr'>utraque</span> <span class='ocrx_word' id='word_1_82' title='bbox 891 1170 1043 1241; x_wconf 88' lang='lat' dir='ltr'>elementa</span> <span class='ocrx_word' id='word_1_83' title='bbox 1064 1182 1271 1263; x_wconf 87' lang='lat' dir='ltr'>concordant,</span> 
     </span>
     <span class='ocr_line' id='line_1_12' title="bbox 140 1252 1270 1343; baseline 0.015 -23"><span class='ocrx_word' id='word_1_84' title='bbox 140 1269 176 1322; x_wconf 91' lang='lat' dir='ltr'>ut</span> <span class='ocrx_word' id='word_1_85' title='bbox 218 1257 310 1321; x_wconf 86' lang='lat' dir='ltr'>homo</span> <span class='ocrx_word' id='word_1_86' title='bbox 340 1254 508 1341; x_wconf 75' lang='lat' dir='ltr'>gignatur,</span> <span class='ocrx_word' id='word_1_87' title='bbox 552 1252 638 1341; x_wconf 86' lang='lat' dir='ltr'>quod</span> <span class='ocrx_word' id='word_1_88' title='bbox 669 1254 762 1321; x_wconf 88' lang='lat' dir='ltr'>etium</span> <span class='ocrx_word' id='word_1_89' title='bbox 794 1257 1003 1343; x_wconf 81' lang='lat' dir='ltr'>competentia</span> <span class='ocrx_word' id='word_1_90' title='bbox 1040 1263 1270 1336; x_wconf 85' lang='lat' dir='ltr'>con‘nnctionis</span> 
     </span>
     <span class='ocr_line' id='line_1_13' title="bbox 137 1338 1269 1426; baseline 0.004 -20"><span class='ocrx_word' id='word_1_91' title='bbox 137 1340 265 1407; x_wconf 88' lang='lat' dir='ltr'>indicat.</span> <span class='ocrx_word' id='word_1_92' title='bbox 312 1338 429 1405; x_wconf 85' lang='lat' dir='ltr'>Peleus</span> <span class='ocrx_word' id='word_1_93' title='bbox 458 1360 592 1426; x_wconf 82' lang='lat' dir='ltr'>nomque</span> <span class='ocrx_word' id='word_1_94' title='bbox 623 1348 659 1406; x_wconf 86' lang='lat' dir='ltr'>ut</span> <span class='ocrx_word' id='word_1_95' title='bbox 688 1351 792 1420; x_wconf 89' lang='lat' dir='ltr'>terra,</span> <span class='ocrx_word' id='word_1_96' title='bbox 823 1338 856 1405; x_wconf 91' lang='lat' dir='ltr'>id</span> <span class='ocrx_word' id='word_1_97' title='bbox 882 1353 931 1407; x_wconf 89' lang='lat' dir='ltr'>est</span> <span class='ocrx_word' id='word_1_98' title='bbox 952 1362 1049 1422; x_wconf 88' lang='lat' dir='ltr'>caro,</span> <span class='ocrx_word' id='word_1_99' title='bbox 1123 1351 1224 1421; x_wconf 64' lang='lat' dir='ltr'>horidi</span> <span class='ocrx_word' id='word_1_100' title='bbox 1242 1368 1269 1423; x_wconf 69' lang='lat' dir='ltr'>ur</span> 
     </span>
     <span class='ocr_line' id='line_1_14' title="bbox 137 1422 1268 1525; baseline 0.011 -35"><span class='ocrx_word' id='word_1_101' title='bbox 137 1449 256 1513; x_wconf 84' lang='lat' dir='ltr'>aquae,</span> <span class='ocrx_word' id='word_1_102' title='bbox 277 1422 311 1488; x_wconf 95' lang='lat' dir='ltr'>id</span> <span class='ocrx_word' id='word_1_103' title='bbox 333 1434 383 1490; x_wconf 88' lang='lat' dir='ltr'>cst</span> <span class='ocrx_word' id='word_1_104' title='bbox 401 1422 543 1497; x_wconf 87' lang='lat' dir='ltr'>humori,</span> <span class='ocrx_word' id='word_1_105' title='bbox 566 1423 775 1525; x_wconf 67' lang='lat' dir='ltr'>conjungitur.</span> <span class='ocrx_word' id='word_1_106' title='bbox 815 1427 961 1514; x_wconf 77' lang='lat' dir='ltr'>luppiter</span> <span class='ocrx_word' id='word_1_107' title='bbox 982 1440 1017 1495; x_wconf 93' lang='lat' dir='ltr'>ut</span> <span class='ocrx_word' id='word_1_108' title='bbox 1034 1428 1144 1519; x_wconf 82' lang='lat' dir='ltr'>ignis,</span> <span class='ocrx_word' id='word_1_109' title='bbox 1180 1438 1268 1509; x_wconf 78' lang='lat' dir='ltr'>idest</span> 
     </span>
     <span class='ocr_line' id='line_1_15' title="bbox 96 1504 1267 1607; baseline 0.012 -28"><span class='ocrx_word' id='word_1_110' title='bbox 96 1512 259 1591; x_wconf 74' lang='lat' dir='ltr'>unanima,</span> <span class='ocrx_word' id='word_1_111' title='bbox 290 1520 457 1595; x_wconf 83' lang='lat' dir='ltr'>utrumque</span> <span class='ocrx_word' id='word_1_112' title='bbox 471 1506 611 1607; x_wconf 65' lang='lat' dir='ltr'>jungere</span> <span class='ocrx_word' id='word_1_113' title='bbox 633 1508 756 1575; x_wconf 80' lang='lat' dir='ltr'>dicrrur.</span> <span class='ocrx_word' id='word_1_114' title='bbox 797 1508 967 1589; x_wconf 84' lang='lat' dir='ltr'>Discordia</span> <span class='ocrx_word' id='word_1_115' title='bbox 986 1536 1125 1587; x_wconf 87' lang='lat' dir='ltr'>aureum</span> <span class='ocrx_word' id='word_1_116' title='bbox 1150 1504 1267 1600; x_wconf 82' lang='lat' dir='ltr'>maldm,</span> 
     </span>
     <span class='ocr_line' id='line_1_16' title="bbox 134 1591 1266 1682; baseline 0.006 -20"><span class='ocrx_word' id='word_1_117' title='bbox 134 1597 169 1662; x_wconf 95' lang='lat' dir='ltr'>id</span> <span class='ocrx_word' id='word_1_118' title='bbox 191 1609 240 1664; x_wconf 86' lang='lat' dir='ltr'>est</span> <span class='ocrx_word' id='word_1_119' title='bbox 261 1594 482 1681; x_wconf 88' lang='lat' dir='ltr'>cupiditatem,</span> <span class='ocrx_word' id='word_1_120' title='bbox 513 1591 628 1659; x_wconf 75' lang='lat' dir='ltr'>dicitnr</span> <span class='ocrx_word' id='word_1_121' title='bbox 658 1593 819 1682; x_wconf 81' lang='lat' dir='ltr'>injecisse3</span> <span class='ocrx_word' id='word_1_122' title='bbox 848 1616 920 1663; x_wconf 88' lang='lat' dir='ltr'>nam</span> <span class='ocrx_word' id='word_1_123' title='bbox 949 1598 980 1663; x_wconf 92' lang='lat' dir='ltr'>in</span> <span class='ocrx_word' id='word_1_124' title='bbox 1001 1622 1106 1671; x_wconf 88' lang='lat' dir='ltr'>aureo</span> <span class='ocrx_word' id='word_1_125' title='bbox 1121 1608 1208 1675; x_wconf 74' lang='lat' dir='ltr'>malo</span> <span class='ocrx_word' id='word_1_126' title='bbox 1227 1620 1266 1677; x_wconf 69' lang='lat' dir='ltr'>ert</span> 
     </span>
     <span class='ocr_line' id='line_1_17' title="bbox 134 1677 1264 1771; baseline 0.009 -25"><span class='ocrx_word' id='word_1_127' title='bbox 134 1680 220 1771; x_wconf 91' lang='lat' dir='ltr'>quod</span> <span class='ocrx_word' id='word_1_128' title='bbox 253 1678 376 1759; x_wconf 84' lang='lat' dir='ltr'>videas,</span> <span class='ocrx_word' id='word_1_129' title='bbox 409 1698 472 1744; x_wconf 89' lang='lat' dir='ltr'>non</span> <span class='ocrx_word' id='word_1_130' title='bbox 503 1677 586 1745; x_wconf 84' lang='lat' dir='ltr'>inest</span> <span class='ocrx_word' id='word_1_131' title='bbox 614 1681 700 1765; x_wconf 87' lang='lat' dir='ltr'>quod</span> <span class='ocrx_word' id='word_1_132' title='bbox 729 1677 888 1748; x_wconf 87' lang='lat' dir='ltr'>comedas.</span> <span class='ocrx_word' id='word_1_133' title='bbox 929 1682 1147 1771; x_wconf 78' lang='lat' dir='ltr'>&#39;l&#39;ripurtitum</span> <span class='ocrx_word' id='word_1_134' title='bbox 1172 1709 1264 1763; x_wconf 81' lang='lat' dir='ltr'>autem</span> 
     </span>
     <span class='ocr_line' id='line_1_18' title="bbox 132 1761 1263 1871; baseline 0.011 -36"><span class='ocrx_word' id='word_1_135' title='bbox 132 1764 350 1844; x_wconf 87' lang='lat' dir='ltr'>humanitatis,</span> <span class='ocrx_word' id='word_1_136' title='bbox 374 1761 407 1830; x_wconf 92' lang='lat' dir='ltr'>id</span> <span class='ocrx_word' id='word_1_137' title='bbox 428 1774 477 1831; x_wconf 88' lang='lat' dir='ltr'>cst</span> <span class='ocrx_word' id='word_1_138' title='bbox 496 1761 678 1845; x_wconf 81' lang='lat' dir='ltr'>theoricae,</span> <span class='ocrx_word' id='word_1_139' title='bbox 699 1764 878 1854; x_wconf 87' lang='lat' dir='ltr'>practicae,</span> <span class='ocrx_word' id='word_1_140' title='bbox 898 1767 1120 1871; x_wconf 73' lang='lat' dir='ltr'>philargicae,</span> <span class='ocrx_word' id='word_1_141' title='bbox 1142 1781 1263 1849; x_wconf 88' lang='lat' dir='ltr'>uroduu</span> 
     </span>
     <span class='ocr_line' id='line_1_19' title="bbox 134 1851 1265 1946; baseline 0.013 -27"><span class='ocrx_word' id='word_1_142' title='bbox 134 1851 370 1923; x_wconf 75' lang='lat' dir='ltr'>considerantes</span> <span class='ocrx_word' id='word_1_143' title='bbox 392 1853 522 1937; x_wconf 73' lang='lat' dir='ltr'>poetae,</span> <span class='ocrx_word' id='word_1_144' title='bbox 543 1862 724 1938; x_wconf 89' lang='lat' dir='ltr'>proponunt</span> <span class='ocrx_word' id='word_1_145' title='bbox 745 1852 918 1918; x_wconf 85' lang='lat' dir='ltr'>certamina</span> <span class='ocrx_word' id='word_1_146' title='bbox 936 1854 1030 1923; x_wconf 86' lang='lat' dir='ltr'>trium</span> <span class='ocrx_word' id='word_1_147' title='bbox 1048 1857 1211 1946; x_wconf 86' lang='lat' dir='ltr'>dearum,</span> <span class='ocrx_word' id='word_1_148' title='bbox 1231 1864 1265 1932; x_wconf 79' lang='lat' dir='ltr'>dc</span> 
     </span>
     <span class='ocr_line' id='line_1_20' title="bbox 77 1930 1264 2031; baseline 0.007 -27"><span class='ocrx_word' id='word_1_149' title='bbox 77 1930 257 2013; x_wconf 76' lang='lat' dir='ltr'>&#39;solormae</span> <span class='ocrx_word' id='word_1_150' title='bbox 296 1935 424 2002; x_wconf 86' lang='lat' dir='ltr'>ualitate</span> <span class='ocrx_word' id='word_1_151' title='bbox 444 1934 641 2002; x_wconf 80' lang='lat' dir='ltr'>certantium.</span> <span class='ocrx_word' id='word_1_152' title='bbox 684 1936 825 2003; x_wconf 85' lang='lat' dir='ltr'>Minerva</span> <span class='ocrx_word' id='word_1_153' title='bbox 846 1938 928 2003; x_wconf 90' lang='lat' dir='ltr'>enim</span> <span class='ocrx_word' id='word_1_154' title='bbox 950 1938 1155 2031; x_wconf 80' lang='lat' dir='ltr'>theoricam,</span> <span class='ocrx_word' id='word_1_155' title='bbox 1175 1951 1209 2018; x_wconf 77' lang='lat' dir='ltr'>id</span> <span class='ocrx_word' id='word_1_156' title='bbox 1225 1964 1264 2018; x_wconf 78' lang='lat' dir='ltr'>est</span> 
     </span>
     <span class='ocr_line' id='line_1_21' title="bbox 133 1961 1263 2127; baseline 0.015 -38"><span class='ocrx_word' id='word_1_157' title='bbox 133 1961 422 2111; x_wconf 64' lang='lat' dir='ltr'>contemplativam</span> <span class='ocrx_word' id='word_1_158' title='bbox 452 2020 537 2086; x_wconf 89' lang='lat' dir='ltr'>Juno</span> <span class='ocrx_word' id='word_1_159' title='bbox 559 2020 747 2108; x_wconf 89' lang='lat' dir='ltr'>practicam,</span> <span class='ocrx_word' id='word_1_160' title='bbox 767 2019 800 2087; x_wconf 92' lang='lat' dir='ltr'>id</span> <span class='ocrx_word' id='word_1_161' title='bbox 823 2034 871 2091; x_wconf 87' lang='lat' dir='ltr'>est</span> <span class='ocrx_word' id='word_1_162' title='bbox 891 2022 1045 2109; x_wconf 79' lang='lat' dir='ltr'>activam3</span> <span class='ocrx_word' id='word_1_163' title='bbox 1067 2030 1187 2104; x_wconf 85' lang='lat' dir='ltr'>Venus</span> <span class='ocrx_word' id='word_1_164' title='bbox 1206 2036 1263 2127; x_wconf 80' lang='lat' dir='ltr'>plri-</span> 
     </span>
     <span class='ocr_line' id='line_1_22' title="bbox 131 2104 1261 2208; baseline 0.015 -33"><span class='ocrx_word' id='word_1_165' title='bbox 131 2109 302 2196; x_wconf 76' lang='lat' dir='ltr'>largicam,</span> <span class='ocrx_word' id='word_1_166' title='bbox 327 2105 360 2170; x_wconf 93' lang='lat' dir='ltr'>id</span> <span class='ocrx_word' id='word_1_167' title='bbox 387 2114 436 2172; x_wconf 88' lang='lat' dir='ltr'>est</span> <span class='ocrx_word' id='word_1_168' title='bbox 458 2104 662 2192; x_wconf 85' lang='lat' dir='ltr'>voluptariam</span> <span class='ocrx_word' id='word_1_169' title='bbox 686 2106 842 2208; x_wconf 69' lang='lat' dir='ltr'>designat.</span> <span class='ocrx_word' id='word_1_170' title='bbox 884 2108 1148 2201; x_wconf 76' lang='lat' dir='ltr'>Cantennplativu</span> <span class='ocrx_word' id='word_1_171' title='bbox 1169 2134 1261 2191; x_wconf 77' lang='lat' dir='ltr'>antec</span> 
     </span>
     <span class='ocr_line' id='line_1_23' title="bbox 131 2187 1293 2293; baseline 0.011 -35"><span class='ocrx_word' id='word_1_172' title='bbox 131 2196 193 2261; x_wconf 81' lang='lat' dir='ltr'>vita</span> <span class='ocrx_word' id='word_1_173' title='bbox 214 2204 278 2272; x_wconf 88' lang='lat' dir='ltr'>est,</span> <span class='ocrx_word' id='word_1_174' title='bbox 299 2213 382 2278; x_wconf 85' lang='lat' dir='ltr'>quae</span> <span class='ocrx_word' id='word_1_175' title='bbox 403 2187 444 2253; x_wconf 89' lang='lat' dir='ltr'>ad</span> <span class='ocrx_word' id='word_1_176' title='bbox 461 2189 633 2291; x_wconf 72' lang='lat' dir='ltr'>sapientiae</span> <span class='ocrx_word' id='word_1_177' title='bbox 653 2203 686 2258; x_wconf 89' lang='lat' dir='ltr'>et</span> <span class='ocrx_word' id='word_1_178' title='bbox 705 2192 908 2293; x_wconf 65' lang='lat' dir='ltr'>nentatisind</span> <span class='ocrx_word' id='word_1_179' title='bbox 954 2194 1097 2268; x_wconf 78' lang='lat' dir='ltr'>adonem</span> <span class='ocrx_word' id='word_1_180' title='bbox 1112 2208 1260 2293; x_wconf 60' lang='lat' dir='ltr'>pertinen</span> <span class='ocrx_word' id='word_1_181' title='bbox 1286 2268 1293 2281; x_wconf 92' lang='grc'>,</span> 
     </span>
     <span class='ocr_line' id='line_1_24' title="bbox 131 2279 1260 2383; baseline 0.014 -38"><span class='ocrx_word' id='word_1_182' title='bbox 131 2279 248 2357; x_wconf 84' lang='lat' dir='ltr'>activa,</span> <span class='ocrx_word' id='word_1_183' title='bbox 269 2298 352 2365; x_wconf 87' lang='lat' dir='ltr'>quae</span> <span class='ocrx_word' id='word_1_184' title='bbox 373 2285 501 2341; x_wconf 90' lang='lat' dir='ltr'>ornatus</span> <span class='ocrx_word' id='word_1_185' title='bbox 522 2286 617 2362; x_wconf 86' lang='lat' dir='ltr'>pent,</span> <span class='ocrx_word' id='word_1_186' title='bbox 638 2287 671 2342; x_wconf 89' lang='lat' dir='ltr'>et</span> <span class='ocrx_word' id='word_1_187' title='bbox 691 2288 772 2344; x_wconf 84' lang='lat' dir='ltr'>ntae</span> <span class='ocrx_word' id='word_1_188' title='bbox 792 2300 916 2345; x_wconf 92' lang='lat' dir='ltr'>commo</span> <span class='ocrx_word' id='word_1_189' title='bbox 938 2303 964 2347; x_wconf 87' lang='lat' dir='ltr'>rs</span> <span class='ocrx_word' id='word_1_190' title='bbox 982 2281 1105 2367; x_wconf 88' lang='lat' dir='ltr'>iuhiat;</span> <span class='ocrx_word' id='word_1_191' title='bbox 1132 2294 1260 2383; x_wconf 84' lang='lat' dir='ltr'>volupta-</span> 
     </span>
     <span class='ocr_line' id='line_1_25' title="bbox 88 2358 1259 2452; baseline 0.01 -22"><span class='ocrx_word' id='word_1_192' title='bbox 88 2364 193 2445; x_wconf 72' lang='lat' dir='ltr'>ssria,</span> <span class='ocrx_word' id='word_1_193' title='bbox 225 2384 307 2452; x_wconf 88' lang='lat' dir='ltr'>quae</span> <span class='ocrx_word' id='word_1_194' title='bbox 335 2359 432 2427; x_wconf 88' lang='lat' dir='ltr'>sclam</span> <span class='ocrx_word' id='word_1_195' title='bbox 462 2358 543 2426; x_wconf 81' lang='lat' dir='ltr'>ritae</span> <span class='ocrx_word' id='word_1_196' title='bbox 563 2384 603 2448; x_wconf 95' lang='lat' dir='ltr'>ap</span> <span class='ocrx_word' id='word_1_197' title='bbox 628 2372 716 2428; x_wconf 91' lang='lat' dir='ltr'>etens</span> <span class='ocrx_word' id='word_1_198' title='bbox 738 2364 966 2452; x_wconf 80' lang='lat' dir='ltr'>corruptelam,</span> <span class='ocrx_word' id='word_1_199' title='bbox 999 2366 1128 2440; x_wconf 85' lang='lat' dir='ltr'>libidini</span> <span class='ocrx_word' id='word_1_200' title='bbox 1150 2388 1259 2446; x_wconf 83' lang='lat' dir='ltr'>tantun</span> 
     </span>
     <span class='ocr_line' id='line_1_26' title="bbox 128 2383 1259 2552; baseline 0.01 -37"><span class='ocrx_word' id='word_1_201' title='bbox 128 2464 218 2528; x_wconf 90' lang='lat' dir='ltr'>nata,</span> <span class='ocrx_word' id='word_1_202' title='bbox 250 2447 366 2514; x_wconf 90' lang='lat' dir='ltr'>nullum</span> <span class='ocrx_word' id='word_1_203' title='bbox 399 2445 563 2512; x_wconf 89' lang='lat' dir='ltr'>honesturn</span> <span class='ocrx_word' id='word_1_204' title='bbox 598 2383 732 2536; x_wconf 78' lang='lat' dir='ltr'>deputat</span> <span class='ocrx_word' id='word_1_205' title='bbox 762 2450 887 2515; x_wconf 89' lang='lat' dir='ltr'>bonurn.</span> <span class='ocrx_word' id='word_1_206' title='bbox 929 2449 1008 2517; x_wconf 87' lang='lat' dir='ltr'>Ideo</span> <span class='ocrx_word' id='word_1_207' title='bbox 1027 2455 1152 2528; x_wconf 85' lang='lat' dir='ltr'>Jovern</span> <span class='ocrx_word' id='word_1_208' title='bbox 1177 2482 1259 2552; x_wconf 87' lang='lat' dir='ltr'>super</span> 
     </span>
     <span class='ocr_line' id='line_1_27' title="bbox 127 2530 1291 2679; baseline 0.009 -77"><span class='ocrx_word' id='word_1_209' title='bbox 127 2536 175 2602; x_wconf 88' lang='lat' dir='ltr'>his</span> <span class='ocrx_word' id='word_1_210' title='bbox 199 2556 261 2599; x_wconf 92' lang='lat' dir='ltr'>non</span> <span class='ocrx_word' id='word_1_211' title='bbox 282 2555 376 2621; x_wconf 87' lang='lat' dir='ltr'>posse</span> <span class='ocrx_word' id='word_1_212' title='bbox 396 2531 538 2617; x_wconf 77' lang='lat' dir='ltr'>iudicare</span> <span class='ocrx_word' id='word_1_213' title='bbox 559 2530 721 2611; x_wconf 83' lang='lat' dir='ltr'>dixerunt,</span> <span class='ocrx_word' id='word_1_214' title='bbox 746 2535 820 2621; x_wconf 89' lang='lat' dir='ltr'>quia</span> <span class='ocrx_word' id='word_1_215' title='bbox 839 2547 911 2622; x_wconf 87' lang='lat' dir='ltr'>post</span> <span class='ocrx_word' id='word_1_216' title='bbox 929 2536 1025 2603; x_wconf 86' lang='lat' dir='ltr'>finem</span> <span class='ocrx_word' id='word_1_217' title='bbox 1050 2546 1171 2614; x_wconf 83' lang='lat' dir='ltr'>muudi</span> <span class='ocrx_word' id='word_1_218' title='bbox 1185 2548 1258 2652; x_wconf 82' lang='lat' dir='ltr'>judi·</span> <span class='ocrx_word' id='word_1_219' title='bbox 1284 2570 1291 2679; x_wconf 66' lang='lat' dir='ltr'>p</span> 
     </span>
     <span class='ocr_line' id='line_1_28' title="bbox 128 2616 1287 2705; baseline 0.017 -20"><span class='ocrx_word' id='word_1_220' title='bbox 128 2620 210 2686; x_wconf 90' lang='lat' dir='ltr'>cium</span> <span class='ocrx_word' id='word_1_221' title='bbox 230 2618 436 2703; x_wconf 83' lang='lat' dir='ltr'>ignorabant,</span> <span class='ocrx_word' id='word_1_222' title='bbox 459 2617 512 2702; x_wconf 87' lang='lat' dir='ltr'>qui</span> <span class='ocrx_word' id='word_1_223' title='bbox 532 2616 564 2680; x_wconf 90' lang='lat' dir='ltr'>in</span> <span class='ocrx_word' id='word_1_224' title='bbox 587 2616 733 2685; x_wconf 86' lang='lat' dir='ltr'>libertate</span> <span class='ocrx_word' id='word_1_225' title='bbox 751 2620 868 2686; x_wconf 90' lang='lat' dir='ltr'>arbitrii</span> <span class='ocrx_word' id='word_1_226' title='bbox 882 2621 1089 2693; x_wconf 88' lang='lat' dir='ltr'>constitutum</span> <span class='ocrx_word' id='word_1_227' title='bbox 1106 2630 1256 2701; x_wconf 88' lang='lat' dir='ltr'>bomrucu</span> <span class='ocrx_word' id='word_1_228' title='bbox 1284 2682 1287 2705; x_wconf 67' lang='lat'><em>=</em></span> 
     </span>
     <span class='ocr_line' id='line_1_29' title="bbox 126 2701 1288 2809; baseline 0.015 -40"><span class='ocrx_word' id='word_1_229' title='bbox 126 2704 302 2770; x_wconf 86' lang='lat' dir='ltr'>crederent.</span> <span class='ocrx_word' id='word_1_230' title='bbox 351 2701 435 2775; x_wconf 83' lang='lat' dir='ltr'>Quia</span> <span class='ocrx_word' id='word_1_231' title='bbox 462 2701 584 2788; x_wconf 89' lang='lat' dir='ltr'>itaque,</span> <span class='ocrx_word' id='word_1_232' title='bbox 618 2703 644 2767; x_wconf 92' lang='lat' dir='ltr'>si</span> <span class='ocrx_word' id='word_1_233' title='bbox 677 2703 761 2771; x_wconf 84' lang='lat' dir='ltr'>velut</span> <span class='ocrx_word' id='word_1_234' title='bbox 791 2704 868 2771; x_wconf 86' lang='lat' dir='ltr'>daus</span> <span class='ocrx_word' id='word_1_235' title='bbox 899 2706 1048 2809; x_wconf 77' lang='lat' dir='ltr'>luppiter</span> <span class='ocrx_word' id='word_1_236' title='bbox 1078 2712 1255 2795; x_wconf 73' lang='lat' dir='ltr'>&#39;udicasset</span> <span class='ocrx_word' id='word_1_237' title='bbox 1282 2710 1288 2801; x_wconf 83' lang='grc' dir='ltr'>Ι</span> 
     </span>
     <span class='ocr_line' id='line_1_30' title="bbox 83 2784 1254 2881; baseline 0.018 -29"><span class='ocrx_word' id='word_1_238' title='bbox 83 2786 304 2857; x_wconf 85' lang='lat' dir='ltr'>sodamnando</span> <span class='ocrx_word' id='word_1_239' title='bbox 332 2784 432 2863; x_wconf 88' lang='lat' dir='ltr'>duas,</span> <span class='ocrx_word' id='word_1_240' title='bbox 465 2807 559 2851; x_wconf 88' lang='lat' dir='ltr'>unam</span> <span class='ocrx_word' id='word_1_241' title='bbox 586 2787 802 2855; x_wconf 89' lang='lat' dir='ltr'>tantummodo</span> <span class='ocrx_word' id='word_1_242' title='bbox 825 2791 917 2857; x_wconf 85' lang='lat' dir='ltr'>terris</span> <span class='ocrx_word' id='word_1_243' title='bbox 943 2806 1038 2860; x_wconf 78' lang='lat' dir='ltr'>vitam</span> <span class='ocrx_word' id='word_1_244' title='bbox 1106 2803 1254 2881; x_wconf 70' lang='lat' dir='ltr'>mitteret</span> 
     </span>
     <span class='ocr_line' id='line_1_31' title="bbox 122 2844 1287 2962; baseline 0.011 -21"><span class='ocrx_word' id='word_1_245' title='bbox 122 2875 164 2942; x_wconf 91' lang='lat' dir='ltr'>ad</span> <span class='ocrx_word' id='word_1_246' title='bbox 184 2872 341 2938; x_wconf 89' lang='lat' dir='ltr'>homiuem</span> <span class='ocrx_word' id='word_1_247' title='bbox 356 2868 510 2959; x_wconf 90' lang='lat' dir='ltr'>judicium</span> <span class='ocrx_word' id='word_1_248' title='bbox 539 2873 745 2954; x_wconf 80' lang='lat' dir='ltr'>transfertur,</span> <span class='ocrx_word' id='word_1_249' title='bbox 779 2874 830 2942; x_wconf 85' lang='lat' dir='ltr'>cui</span> <span class='ocrx_word' id='word_1_250' title='bbox 858 2874 1017 2962; x_wconf 78' lang='lat' dir='ltr'>deligendi</span> <span class='ocrx_word' id='word_1_251' title='bbox 1038 2878 1182 2955; x_wconf 86' lang='lat' dir='ltr'>liberum</span> <span class='ocrx_word' id='word_1_252' title='bbox 1209 2844 1287 2953; x_wconf 53' lang='lat' dir='ltr'>del</span> 
     </span>
     <span class='ocr_line' id='line_1_32' title="bbox 122 2955 1283 3101; baseline 0.012 -77"><span class='ocrx_word' id='word_1_253' title='bbox 122 2960 216 3025; x_wconf 83' lang='lat' dir='ltr'>betur</span> <span class='ocrx_word' id='word_1_254' title='bbox 244 2956 414 3024; x_wconf 84' lang='lat' dir='ltr'>arbitrium.</span> <span class='ocrx_word' id='word_1_255' title='bbox 457 2955 523 3022; x_wconf 86' lang='lat' dir='ltr'>Sed</span> <span class='ocrx_word' id='word_1_256' title='bbox 556 2958 638 3023; x_wconf 86' lang='lat' dir='ltr'>bene</span> <span class='ocrx_word' id='word_1_257' title='bbox 665 2970 774 3047; x_wconf 86' lang='lat' dir='ltr'>pastor</span> <span class='ocrx_word' id='word_1_258' title='bbox 802 2982 864 3026; x_wconf 91' lang='lat' dir='ltr'>non</span> <span class='ocrx_word' id='word_1_259' title='bbox 895 2962 1011 3049; x_wconf 79' lang='lat' dir='ltr'>sagitta</span> <span class='ocrx_word' id='word_1_260' title='bbox 1033 2979 1169 3047; x_wconf 78' lang='lat' dir='ltr'>certus,</span> <span class='ocrx_word' id='word_1_261' title='bbox 1203 2972 1283 3101; x_wconf 64' lang='lat' dir='ltr'>ml</span> 
     </span>
     <span class='ocr_line' id='line_1_33' title="bbox 73 3042 1252 3147; baseline 0.011 -37"><span class='ocrx_word' id='word_1_262' title='bbox 73 3076 80 3091; x_wconf 54' lang='grc' dir='ltr'><em>ν</em></span> <span class='ocrx_word' id='word_1_263' title='bbox 115 3044 222 3134; x_wconf 84' lang='lat' dir='ltr'>jaculo</span> <span class='ocrx_word' id='word_1_264' title='bbox 245 3046 362 3123; x_wconf 89' lang='lat' dir='ltr'>bonus,</span> <span class='ocrx_word' id='word_1_265' title='bbox 381 3064 444 3107; x_wconf 93' lang='lat' dir='ltr'>non</span> <span class='ocrx_word' id='word_1_266' title='bbox 463 3042 547 3109; x_wconf 84' lang='lat' dir='ltr'>vultu</span> <span class='ocrx_word' id='word_1_267' title='bbox 569 3042 723 3125; x_wconf 88' lang='lat' dir='ltr'>decorus,</span> <span class='ocrx_word' id='word_1_268' title='bbox 745 3066 806 3110; x_wconf 92' lang='lat' dir='ltr'>non</span> <span class='ocrx_word' id='word_1_269' title='bbox 828 3045 956 3132; x_wconf 81' lang='lat' dir='ltr'>ingenio</span> <span class='ocrx_word' id='word_1_270' title='bbox 976 3069 1102 3135; x_wconf 78' lang='lat' dir='ltr'>sagax,</span> <span class='ocrx_word' id='word_1_271' title='bbox 1124 3058 1201 3147; x_wconf 81' lang='lat' dir='ltr'>qui,</span> <span class='ocrx_word' id='word_1_272' title='bbox 1226 3066 1252 3122; x_wconf 92' lang='lat' dir='ltr'>ut</span> 
     </span>
     <span class='ocr_line' id='line_1_34' title="bbox 121 3127 1251 3281; baseline 0.01 -86"><span class='ocrx_word' id='word_1_273' title='bbox 121 3130 279 3232; x_wconf 67' lang='lat' dir='ltr'>pecudum</span> <span class='ocrx_word' id='word_1_274' title='bbox 292 3151 361 3194; x_wconf 88' lang='lat' dir='ltr'>mos</span> <span class='ocrx_word' id='word_1_275' title='bbox 374 3139 438 3206; x_wconf 90' lang='lat' dir='ltr'>est,</span> <span class='ocrx_word' id='word_1_276' title='bbox 461 3127 501 3228; x_wconf 79' lang='lat' dir='ltr'>ad</span> <span class='ocrx_word' id='word_1_277' title='bbox 523 3127 679 3278; x_wconf 55' lang='lat' dir='ltr'>libitssnenr</span> <span class='ocrx_word' id='word_1_278' title='bbox 701 3130 790 3281; x_wconf 62' lang='lat' dir='ltr'>visup</span> <span class='ocrx_word' id='word_1_279' title='bbox 805 3129 952 3281; x_wconf 57' lang='lat' dir='ltr'>‹lllplt&#39;orsib</span> <span class='ocrx_word' id='word_1_280' title='bbox 972 3156 1071 3220; x_wconf 85' lang='lat' dir='ltr'>quam</span> <span class='ocrx_word' id='word_1_281' title='bbox 1092 3139 1251 3245; x_wconf 74' lang='lat' dir='ltr'>virtutibus</span> 
     </span>
     <span class='ocr_line' id='line_1_35' title="bbox 77 3214 1251 3389; baseline 0.019 -32"><span class='ocrx_word' id='word_1_282' title='bbox 77 3214 546 3389; x_wconf 56' lang='lat' dir='ltr'>”tgrlttygtttittt;</span> <span class='ocrx_word' id='word_1_283' title='bbox 585 3236 912 3368; x_wconf 39' lang='lat' dir='ltr'>„tritanii”</span> <span class='ocrx_word' id='word_1_284' title='bbox 921 3229 1066 3385; x_wconf 43' lang='lat' dir='ltr'>rumaldi,</span> <span class='ocrx_word' id='word_1_285' title='bbox 1092 3239 1201 3381; x_wconf 60' lang='lat' dir='ltr'>miii</span> <span class='ocrx_word' id='word_1_286' title='bbox 1219 3248 1251 3379; x_wconf 78' lang='lat' dir='ltr'>:t</span> 
     </span>
     <span class='ocr_line' id='line_1_36' title="bbox 116 3382 1250 3487; baseline 0.004 -35"><span class='ocrx_word' id='word_1_287' title='bbox 116 3408 228 3453; x_wconf 85' lang='lat' dir='ltr'>renum</span> <span class='ocrx_word' id='word_1_288' title='bbox 252 3396 349 3472; x_wconf 82' lang='lat' dir='ltr'>atque</span> <span class='ocrx_word' id='word_1_289' title='bbox 376 3382 506 3449; x_wconf 84' lang='lat' dir='ltr'>virilium</span> <span class='ocrx_word' id='word_1_290' title='bbox 535 3384 688 3450; x_wconf 88' lang='lat' dir='ltr'>rationem</span> <span class='ocrx_word' id='word_1_291' title='bbox 721 3386 879 3473; x_wconf 84' lang='lat' dir='ltr'>pertinere</span> <span class='ocrx_word' id='word_1_292' title='bbox 908 3385 1067 3457; x_wconf 90' lang='lat' dir='ltr'>dicuntur.</span> <span class='ocrx_word' id='word_1_293' title='bbox 1153 3399 1186 3465; x_wconf 69' lang='lat' dir='ltr'>te</span> <span class='ocrx_word' id='word_1_294' title='bbox 1204 3414 1250 3487; x_wconf 76' lang='lat' dir='ltr'>per</span> 
     </span>
     <span class='ocr_line' id='line_1_37' title="bbox 117 3469 1249 3569; baseline 0.011 -32"><span class='ocrx_word' id='word_1_295' title='bbox 117 3472 214 3538; x_wconf 89' lang='lat' dir='ltr'>talum</span> <span class='ocrx_word' id='word_1_296' title='bbox 242 3471 439 3544; x_wconf 86' lang='lat' dir='ltr'>vulneratus,</span> <span class='ocrx_word' id='word_1_297' title='bbox 475 3490 584 3534; x_wconf 88' lang='lat' dir='ltr'>amore</span> <span class='ocrx_word' id='word_1_298' title='bbox 610 3469 792 3559; x_wconf 81' lang='lat' dir='ltr'>Polyxenae</span> <span class='ocrx_word' id='word_1_299' title='bbox 813 3470 911 3559; x_wconf 89' lang='lat' dir='ltr'>periit.</span> <span class='ocrx_word' id='word_1_300' title='bbox 965 3476 1151 3569; x_wconf 67' lang='grc' dir='ltr'>Πολυξένη</span> <span class='ocrx_word' id='word_1_301' title='bbox 1177 3483 1249 3548; x_wconf 84' lang='lat' dir='ltr'>euiu</span> 
     </span>
     <span class='ocr_line' id='line_1_38' title="bbox 15 3553 1249 3665; baseline 0.006 -45"><span class='ocrx_word' id='word_1_302' title='bbox 15 3614 17 3620; x_wconf 16' lang='grc' dir='ltr'><em>Α</em></span> <span class='ocrx_word' id='word_1_303' title='bbox 118 3559 246 3622; x_wconf 87' lang='lat' dir='ltr'>Graece</span> <span class='ocrx_word' id='word_1_304' title='bbox 264 3556 453 3621; x_wconf 79' lang='lat' dir='ltr'>multorom</span> <span class='ocrx_word' id='word_1_305' title='bbox 472 3553 662 3640; x_wconf 82' lang='lat' dir='ltr'>peregrina</span> <span class='ocrx_word' id='word_1_306' title='bbox 682 3554 815 3633; x_wconf 90' lang='lat' dir='ltr'>dicitur,</span> <span class='ocrx_word' id='word_1_307' title='bbox 845 3557 918 3644; x_wconf 82' lang='lat' dir='ltr'>quia</span> <span class='ocrx_word' id='word_1_308' title='bbox 944 3579 1036 3624; x_wconf 88' lang='lat' dir='ltr'>amor</span> <span class='ocrx_word' id='word_1_309' title='bbox 1055 3564 1249 3665; x_wconf 72' lang='lat' dir='ltr'>peregrinari</span> 
     </span>
     <span class='ocr_line' id='line_1_39' title="bbox 75 3639 1247 3730; baseline 0.009 -25"><span class='ocrx_word' id='word_1_310' title='bbox 75 3643 194 3719; x_wconf 67' lang='lat' dir='ltr'>coiecit</span> <span class='ocrx_word' id='word_1_311' title='bbox 225 3653 353 3707; x_wconf 87' lang='lat' dir='ltr'>mentes.</span> <span class='ocrx_word' id='word_1_312' title='bbox 413 3639 563 3703; x_wconf 89' lang='lat' dir='ltr'>Humana</span> <span class='ocrx_word' id='word_1_313' title='bbox 595 3659 731 3728; x_wconf 87' lang='lat' dir='ltr'>namque</span> <span class='ocrx_word' id='word_1_314' title='bbox 762 3640 873 3722; x_wconf 90' lang='lat' dir='ltr'>virtus,</span> <span class='ocrx_word' id='word_1_315' title='bbox 908 3640 951 3708; x_wconf 90' lang='lat' dir='ltr'>ad</span> <span class='ocrx_word' id='word_1_316' title='bbox 983 3665 1098 3716; x_wconf 82' lang='lat' dir='ltr'>omura</span> <span class='ocrx_word' id='word_1_317' title='bbox 1130 3654 1247 3730; x_wconf 82' lang='lat' dir='ltr'>munita,</span> 
     </span>
    </p>
   </div>
   <div class='ocr_carea' id='block_1_3' title="bbox 117 3722 852 3814">
    <p class='ocr_par' dir='ltr' id='par_1_3' title="bbox 117 3722 852 3814">
     <span class='ocr_line' id='line_1_40' title="bbox 117 3722 852 3814; baseline 0.005 -23"><span class='ocrx_word' id='word_1_318' title='bbox 117 3725 248 3792; x_wconf 91' lang='lat' dir='ltr'>libidinis</span> <span class='ocrx_word' id='word_1_319' title='bbox 264 3736 369 3792; x_wconf 86' lang='lat' dir='ltr'>tamen</span> <span class='ocrx_word' id='word_1_320' title='bbox 389 3724 502 3791; x_wconf 89' lang='lat' dir='ltr'>ictibus</span> <span class='ocrx_word' id='word_1_321' title='bbox 523 3722 667 3811; x_wconf 88' lang='lat' dir='ltr'>subjacet</span> <span class='ocrx_word' id='word_1_322' title='bbox 687 3724 802 3814; x_wconf 87' lang='lat' dir='ltr'>patula.</span> <span class='ocrx_word' id='word_1_323' title='bbox 847 3778 852 3795; x_wconf 84' lang='lat'>.</span> 
     </span>
    </p>
   </div>
   <div class='ocr_carea' id='block_1_4' title="bbox 362 3921 987 4024">
    <p class='ocr_par' dir='ltr' id='par_1_4' title="bbox 362 3921 987 4024">
     <span class='ocr_line' id='line_1_41' title="bbox 362 3921 987 4024; baseline 0.003 -28"><span class='ocrx_word' id='word_1_324' title='bbox 362 3921 459 3997; x_wconf 82' lang='lat'>20⁷.</span> <span class='ocrx_word' id='word_1_325' title='bbox 512 3923 736 3998; x_wconf 82' lang='lat' dir='ltr'>Sacerdos</span> <span class='ocrx_word' id='word_1_326' title='bbox 775 3925 987 4024; x_wconf 83' lang='lat' dir='ltr'>Neptuni.</span> 
     </span>
    </p>
   </div>
   <div class='ocr_carea' id='block_1_5' title="bbox 113 4048 1246 4226">
    <p class='ocr_par' dir='ltr' id='par_1_5' title="bbox 113 4048 1246 4226">
     <span class='ocr_line' id='line_1_42' title="bbox 198 4048 1246 4154; baseline 0.008 -36"><span class='ocrx_word' id='word_1_327' title='bbox 198 4055 279 4122; x_wconf 89' lang='lat' dir='ltr'>Post</span> <span class='ocrx_word' id='word_1_328' title='bbox 299 4049 468 4119; x_wconf 84' lang='lat' dir='ltr'>adventum</span> <span class='ocrx_word' id='word_1_329' title='bbox 496 4054 694 4117; x_wconf 85' lang='lat' dir='ltr'>Graecorum</span> <span class='ocrx_word' id='word_1_330' title='bbox 716 4048 756 4115; x_wconf 94' lang='lat' dir='ltr'>ad</span> <span class='ocrx_word' id='word_1_331' title='bbox 779 4050 910 4140; x_wconf 74' lang='lat' dir='ltr'>&#39;frojam</span> <span class='ocrx_word' id='word_1_332' title='bbox 931 4053 1091 4125; x_wconf 85' lang='lat' dir='ltr'>sacerdos</span> <span class='ocrx_word' id='word_1_333' title='bbox 1114 4060 1246 4154; x_wconf 73' lang='lat' dir='ltr'>Neptuni</span> 
     </span>
     <span class='ocr_line' id='line_1_43' title="bbox 113 4135 1246 4226; baseline 0.007 -22"><span class='ocrx_word' id='word_1_334' title='bbox 113 4139 266 4226; x_wconf 82' lang='lat' dir='ltr'>lapidibus</span> <span class='ocrx_word' id='word_1_335' title='bbox 286 4138 410 4208; x_wconf 89' lang='lat' dir='ltr'>occisus</span> <span class='ocrx_word' id='word_1_336' title='bbox 425 4148 490 4217; x_wconf 88' lang='lat' dir='ltr'>est,</span> <span class='ocrx_word' id='word_1_337' title='bbox 510 4137 563 4226; x_wconf 91' lang='lat' dir='ltr'>qui</span> <span class='ocrx_word' id='word_1_338' title='bbox 575 4135 735 4206; x_wconf 83' lang='lat' dir='ltr'>sacrificiis</span> <span class='ocrx_word' id='word_1_339' title='bbox 748 4157 857 4206; x_wconf 87' lang='lat' dir='ltr'>eorum</span> <span class='ocrx_word' id='word_1_340' title='bbox 870 4157 932 4205; x_wconf 88' lang='lat' dir='ltr'>uon</span> <span class='ocrx_word' id='word_1_341' title='bbox 944 4140 1246 4219; x_wconf 76' lang='lat' dir='ltr'>retaritadventum</span> 
     </span>
    </p>
   </div>
   <div class='ocr_carea' id='block_1_6' title="bbox 0 0 1312 4658">
    <p class='ocr_par' dir='ltr' id='par_1_6' title="bbox 0 0 1312 4658">
     <span class='ocr_line' id='line_1_44' title="bbox 0 0 1312 4658; baseline 0 11"><span class='ocrx_word' id='word_1_342' title='bbox 0 0 1312 4658; x_wconf 95' lang='lat' dir='ltr'> </span> 
     </span>
    </p>
   </div>
  </div>
 </body>
</html>
