2632 4658
311 173 493 277 nqnogr.
523 172 624 249 1n.·.
652 171 692 246 o.
732 149 962 275 ¹aas-..an
1073 159 1082 209 ³
1124 175 1235 276 aar
1308 266 1311 275 ,

147 354 202 422 22,
243 353 424 423 Cerberum
448 352 626 442 tricipitem,
646 346 755 439 ¹quern
771 351 920 421 Plutonis
949 353 1130 446 subjiciunt·
1147 370 1209 447 pe-'

66 438 179 520 dibus,
232 439 264 505 ui
291 440 398 507 etiam·
415 461 538 506 carnes
556 461 682 505 corana
704 439 960 528 interpretatur,¹
981 441 1090 511 odium
1117 445 1215 532 qood·
1249 452 1252 457 “

65 525 181 627 triplici
196 463 391 594 lltversitate
414 524 446 590 in
475 523 568 593 terris
600 534 769 591 exercetur
795 524 982 611 intelligunt.
1031 529 1093 597 Est
1120 532 1204 598 enim

66 610 176 677 odium
209 609 294 677 aliud
332 607 492 691 naturale,
537 618 573 676 ut
611 607 771 677 hominum
806 622 839 678 et
873 620 1073 700 serpentum3
1117 615 1203 683 aliud

67 695 213 776 causale,
251 709 286 763 ut
322 694 408 784 quod
431 716 483 761 ‘ex
514 693 598 763 illata
626 694 740 782 injuria
764 710 999 779 commoretur3
1031 700 1117 767 aliud
1148 723 1228 773 ota-s

68 781 175 860 suale,
209 791 245 848 nt
269 795 367 870 quum
397 803 456 869 pro
490 801 554 847 uno
587 780 684 845 verbo
708 802 807 868 saepe
826 782 997 849 incurritur
1017 786 1212 855 odium-nisi·

69 879 290 954 componatur.
331 864 482 934 Nonnulli
508 865 688 933 Cerberum
710 876 829 939 terrem
857 867 1063 955 tripartitam,
1100 872 1133 938 id
1157 887 1207 943 est

68 953 191 1031 Asiam,
225 952 382 1029 Africam,
417 952 589 1040 Europam
615 950 784 1037 accipiunt.
832 951 926 1026 Quae
954 965 1042 1021 terra
1070 958 1206 1029 sorbens

68 1044 224 1124 corpora,
246 1037 366 1104 animas
386 1037 481 1105 mittit
492 1035 543 1103 ad
566 1036 729 1115 Tartaru„
750 1038 845 1112 Quae
866 1038 909 1103 de
928 1060 967 1104 eo
989 1040 1041 1107 alii
1060 1045 1207 1126 sentiant,

69 1122 213 1189 dicemus
233 1122 375 1191 interius.
416 1121 601 1207 Notandum
629 1132 765 1201 autern,¹
787 1122 939 1210 singulos-
956 1126 1052 1191 trium
1072 1128 1250 1200 liatrumro

69 1208 179 1276 similia
208 1231 249 1279 ex
277 1220 370 1298 parte
395 1207 515 1275 habere
538 1207 684 1293 insignia.
726 1209 836 1275 Habet
854 1209 938 1274 enim
957 1211 1105 1299 luppiter
1126 1216 1207 1283 trifi-

70 1291 148 1359 dum
174 1293 310 1373 fulmen,
341 1293 510 1381 Neptunus
535 1292 725 1373 tridentem,
756 1293 852 1360 Pluto
874 1293 971 1360 trium
991 1297 1130 1383 capitum
1152 1314 1207 1367 c'a·
1237 1375 1238 1381 .

70 1401 152 1444 nem.
187 1379 261 1446 Nee
281 1380 447 1457 immerito.
479 1378 559 1445 'Pria
581 1400 718 1464 namque
740 1377 821 1443 haec
842 1379 985 1460 numina,
1015 1381 1089 1451 licet
1109 1384 1215 1455 diviso·
1293 1450 1300 1467 ,

71 1474 201 1531 teneant
231 1465 391 1552 imperia,
441 1463 538 1530 totius
576 1474 684 1530 tamen
723 1465 813 1552 regni
856 1487 1054 1535 communem
1087 1470 1209 1538 bebere
1296 1507 1298 1516 ·

70 1557 223 1636 putantur
251 1560 457 1637 potestatem,
484 1549 567 1616 sicut
595 1560 629 1616 et
655 1549 725 1636 ipsa
751 1572 834 1638 quae
854 1548 1018 1638 possident
1039 1553 1249 1633 elementem

71 1634 202 1723 physica
232 1634 315 1703 inter
343 1658 380 1702 se
409 1633 546 1721 quadam
579 1633 703 1702 ratione
732 1632 920 1722 junguntur.
972 1636 1068 1707 Unde
1097 1664 1209 1731 super·

71 1742 172 1785 vacue
191 1731 329 1799 notatur,
350 1719 437 1810 qdod
455 1721 486 1785 in
507 1719 611 1808 primo
631 1718 789 1787 Aeneidos
810 1721 854 1786 de
874 1720 982 1789 alienis
1006 1729 1210 1816 conqueritur

70 1803 241 1894 Neptunus
263 1807 440 1885 elementis,
468 1804 595 1871 dicens:

88 1946 92 1951 .
156 1891 241 2043 {qm
260 1892 597 1981 caelumterrcaqnc
615 1910 690 1955 meo
710 1887 788 1955 sine
808 1891 1069 1960 neminemne·

199 1999 307 2047 arcere
334 2015 449 2037 m.-
906 2020 910 2027 .
1158 1994 1163 2009 ·
1254 2010 1261 2025 ·

156 2060 210 2129 23.
251 2042 337 2135 d'res
358 2062 435 2127 item
448 2058 569 2131 Furiae
581 2058 709 2126 Plutoni
728 2056 920 2142 deserviunt,
940 2059 975 2129 id
992 2070 1043 2128 est
1061 2061 1095 2128 in
1116 2008 1255 2129 terrie2⁰

73 2157 272 2233 exornentur.
329 2148 455 2219 Harum
492 2144 669 2212 secundum
708 2145 915 2232 Fulgentium
951 2147 1053 2237 prima
1083 2147 1212 2228 ¹Alecto,
1298 2154 1305 2162 “

73 2229 338 2318 impeccabilis,
366 2229 507 2299 secundo
528 2230 706 2319 Tisiphone
725 2231 816 2318 quasi
842 2226 971 2305 τούτων
997 2226 1101 2320 φωνὴ,
1121 2233 1213 2297 icta-

74 2337 156 2405 rom
169 2339 245 2397 vox,
265 2318 360 2386 tertia
374 2318 529 2404 Megaera
543 2315 633 2404 quasi
644 2309 778 2418 paydyq
793 2323 879 2403 ἔρις,
892 2340 1026 2406 magna
1040 2317 1213 2383 contentio

73 2402 311 2490 interpretatur.
351 2403 496 2479 Primum
525 2403 625 2480 enirn,
655 2403 772 2490 inqurt,
802 2412 852 2469 est
879 2424 943 2468 non
970 2400 1135 2490 pausando
1162 2401 1259 2483 lit-uo¹

73 2487 169 2552 riam
184 2489 371 2576 concipere,
389 2484 577 2558 secuudum
603 2487 634 2552 in
657 2509 770 2558 rocem
791 2509 975 2576 erumpere,
1002 2487 1130 2556 tortium
1149 2485 1213 2576 jur-

76 2572 168 2659 gium
196 2574 364 2661 protelare:
393 2572 463 2647 ‘Alii
489 2583 597 2640 tamen
624 2571 811 2659 Megaeram
838 2572 1032 2653 secundam,
1064 2573 1215 2661 'l'isipho-

77 2679 141 2724 nen
170 2660 298 2728 tertiam
316 2658 441 2740 volunt,
470 2658 691 2746 quemaetiom
711 2657 767 2749 rel¹
780 2658 919 2727 similiter
941 2681 1053 2725 vocem
1072 2659 1214 2739 istarum,

78 2742 128 2811 rel
150 2742 301 2821 ultionem
321 2745 432 2812 mortis
451 2743 713 2834 interpretantur,
734 2755 915 2827 reserentes
933 2743 1058 2822 itidem,
1079 2746 1215 2832 primum

80 2850 155 2896 esse
184 2841 257 2925 pont
288 2831 402 2918 quietis
433 2829 809 2925 perturbationemiram
839 2828 1005 2897 ardentem
1035 2830 1261 2912 incurrere;to

81 2914 258 2989 secuudum
279 2914 354 3005 post
373 2918 440 2989 irae
459 2916 704 2989 'commotionem
723 2916 853 2983 multam
896 2917 1021 2982 rolerre
1041 2918 1218 2983 eontentioss

80 3022 174 3080 nem.;
207 3003 334 3069 tertium
366 3012 441 3089 post
462 3002 573 3090 jurgia
602 3011 634 3068 et
658 3001 738 3065 iram
766 2938 1006 3072 malivolentiam
1033 3009 1157 3068 tantum
1184 3013 1221 3067 et

82 3084 313 3162 detractionem
334 3108 506 3165 exercere,
531 3085 579 3154 vel
599 3085 749 3155 ultionem
774 3096 807 3152 et
828 3109 965 3174 poenum
987 3097 1222 3175 consequenter·
1247 3104 1249 3109 ’

81 3172 238 3258 irrogare.
297 3173 377 3247 Tria
412 3172 507 3239 etiam
541 3173 641 3250 Fata,
680 3193 762 3257 qnae
791 3193 851 3257 per
883 3170 1095 3260 antiphrasin,
1132 3172 1220 3260 quod

82 3257 159 3324 nolli
175 3268 346 3346 percant,
371 3258 494 3331 Parcas
516 3256 719 3346 appellamus,
740 3255 844 3329 eidem
863 3256 993 3327 Plutoni
1014 3255 1262 3329 destinamusoe

81 3344 219 3421 Harum,
242 3344 418 3418 secundum
433 3345 589 3421 Servium,
611 3364 674 3409 nna
695 3341 842 3431 loquitur,
864 3341 963 3411 altera
986 3343 1105 3423 scribit,
1126 3344 1225 3411 tertia

83 3427 138 3496 fita
160 3429 300 3505 deducit.
341 3429 528 3503 Secundum
552 3430 733 3499 Homerum
752 3449 817 3501 una
839 3426 942 3501 colum
956 3428 1098 3516 bajolat,
1126 3428 1222 3495 trahit
1258 3489 1263 3498 .

85 3514 203 3594 altera,
224 3516 318 3591 tertia
336 3515 464 3617 rumpit.
494 3516 583 3593 Has,
603 3513 677 3582 licet
697 3511 895 3599 exceptrioes
918 3524 952 3581 et
969 3513 1114 3579 librariae
1133 3514 1242 3581 Joris.

83 3601 163 3680 sint,
177 3626 182 3637 ·
196 3597 284 3689 quod
312 3623 425 3674 summi
453 3599 572 3673 scilicet
600 3597 653 3664 dei
679 3595 906 3686 dispositiones·
924 3596 967 3664 ad
988 3599 1139 3671 ellectum
1162 3598 1223 3665 dn·

86 3697 189 3767 cunt,
222 3685 350 3760 Plutoni
379 3697 485 3761 tamen
512 3686 556 3750 ob
577 3684 639 3754 hoc
668 3683 826 3752 ministres
853 3683 984 3762 damus,
1016 3685 1090 3771 quia
1111 3701 1264 3751 earumto

84 3773 117 3836 in
138 3772 232 3838 terris
254 3774 389 3845 maxime
410 3770 519 3845 cilicia
538 3769 692 3842 videntur.
722 3769 953 3859 Interpretatur
974 3781 1080 3837 autem
1104 3771 1222 3840 Clotho

85 3858 256 3935 evocatio,
278 3858 433 3932 Lachesis
454 3877 545 3930 cors,
569 3859 706 3942 Atropos
726 3855 801 3922 aine
819 3854 961 3931 ordinet
983 3877 1042 3943 per
1061 3878 1144 3943 quoe
1165 3880 1223 3922 no-

84 3941 172 4007 mina
193 3953 261 4009 tota
282 3945 440 4020 humanae
459 3941 543 4014 ritae
562 3941 702 4014 innuitur
721 3938 894 4028 dispositio.
932 3938 1224 4015 Evocanturenim

85 4027 192 4130 primo
213 4028 355 4096 homines
383 4053 424 4096 ex
449 4048 514 4093 non
543 4048 616 4094 esse
643 4026 795 4104 inesse,
828 4026 894 4093 sive
920 4023 964 4095 de
990 4028 1102 4099 matris
1130 4036 1242 4097 utero'

85 4135 119 4178 1n
143 4112 263 4195 locem3
290 4114 408 4183 deinde
428 4136 516 4191 sors,
546 4111 681 4201 qualiter
701 4112 817 4202 ornique
837 4111 1002 4181 vivendum
1018 4114 1088 4190 ait,
1109 4121 1266 4183 succe-⁴⁵

88 4197 154 4278 dit;
185 4212 348 4287 postremo
378 4223 465 4268 mors
495 4199 579 4267 ritae
610 4200 706 4267 finem
734 4199 903 4288 imponat:
935 4196 1030 4288 quae'
1047 4198 1122 4269 ideo
1157 4200 1225 4267 sine
1299 4200 1302 4208 '
