2632 4658
364 178 546 287 nixum.
573 179 626 258 11.
681 178 752 257 aa.
790 178 861 257 aa.
1131 178 1187 259 aa

50 379 84 439 et
101 365 339 457 Proserpinae,
373 365 427 456 qui
448 364 568 435 animm
580 356 719 448 evocet}
749 378 897 457 quartum
916 366 1005 435 Jovis
1026 377 1060 435 et
1081 367 1187 458 cyle-

50 478 127 531 nes,
149 478 170 521 a
187 475 251 557 qno
272 456 379 540 Argus
402 452 528 533 occisus
551 464 609 521 est
652 451 721 524 Sed
739 453 772 518 in
793 452 927 542 deorum
947 452 1086 533 ratione,
1114 454 1188 541 qnia

52 540 169 609 veritas
191 564 214 605 a
241 550 389 614 noratur,
429 536 555 621 fabulae
585 535 769 625 sequendae
798 552 880 607 sunt
941 538 1087 627 Juppiter
1114 562 1188 605 eum

51 626 160 715 lllaja,
181 562 314 693 Atlantis
337 621 483 689 Arcadici
502 622 576 701 lilia,
596 624 785 704 concubuit;
805 624 892 689 unde
917 636 1009 690 natus
1031 637 1080 692 est
1099 623 1187 689 Mer·
1281 672 1284 677 -

52 714 160 777 eunus
180 708 391 799 in,Gyllene,
419 706 576 773 Arcadiae
608 720 732 783 monte,
765 710 819 796 qui
846 709 965 777 litteras
994 710 1185 789 monstravit,
1209 732 1228 781 s

51 818 180 863 menses
199 793 350 873 instituit,
386 790 494 857 sidera
524 804 674 881 expertus
698 803 762 873 est,
800 793 898 883 lyram
929 794 1061 871 invenit,
1092 818 1188 877 qnam
1290 844 1300 859 ,

53 882 151 949 etiam
171 892 293 969 septem
315 877 444 943 olrordis
467 888 598 966 propter
619 891 785 947 numerum
806 878 996 945 Atlantidum
1020 880 1078 965 (eo
1101 879 1188 966 quod

53 978 159 1034 nmter
179 965 248 1055 ejus
268 986 331 1030 nna
352 985 461 1029 earum
483 961 587 1047 esset)
615 963 769 1031 instruxit.
819 965 978 1030 Praeesse
1004 976 1110 1030 autem
1133 988 1188 1030 ne-

53 1051 171 1139 gotiis,
207 1062 242 1117 et
275 1048 351 1117 turn
371 1049 614 1135 rapinarumqne
635 1048 715 1117 dens
736 1071 809 1115 esse
829 1049 959 1130 dieitur3
988 1049 1109 1134 virgam
1141 1051 1188 1115 le-
1309 1082 1311 1087 ·

54 1158 151 1217 rens,
183 1134 325 1225 pennatis
346 1133 497 1201 talaribus
518 1133 685 1217 calciatus,
723 1136 837 1201 canino
869 1136 991 1225 capite,
1020 1135 1121 1201 flavus
1154 1147 1229 1203 et1o

53 1230 204 1312 perunna
215 1219 376 1341 pingitur.
786 1234 789 1247 ·

223 1386 292 1464 42.
352 1386 479 1465 Unde
521 1399 710 1463 vocetur
745 1387 1017 1466 Mercurius.

142 1514 323 1599 Mercurius
355 1516 454 1605 igitur
481 1512 572 1601 quasi
597 1512 766 1580 mercium
801 1516 940 1598 curius,
977 1517 1024 1583 vel
1054 1519 1188 1585 medina

55 1606 202 1669 currens
222 1600 353 1682 dicitnr,
373 1602 448 1690 quia
468 1620 573 1666 sermo
593 1598 675 1667 inter
694 1598 823 1664 medice
844 1613 909 1683 est3
930 1602 988 1683 vel,
1017 1604 1092 1693 quia
1108 1627 1187 1669 nun-

55 1688 119 1755 tius
152 1684 286 1779 deorpm
319 1698 369 1753 est
394 1686 590 1762 Mercurius,
631 1684 722 1773 quasi
759 1684 893 1751 medina
924 1689 1006 1755 inter
1039 1688 1117 1756 deos
1154 1703 1229 1759 et15

56 1771 202 1839 homines
223 1793 366 1837 currens
395 1770 519 1837 dicitur.
571 1770 723 1859 Pingitur
748 1780 853 1835 autem
874 1772 954 1840 deus
970 1797 1041 1841 esse
1064 1774 1188 1863 rapina-

57 1878 129 1923 rum
160 1866 194 1923 et
227 1856 320 1935 furti,
351 1856 425 2008 rppria
455 1855 671 1943 negotiatores
700 1854 811 1941 rapina
839 1866 872 1922 et
901 1858 1040 1948 perjurio
1062 1883 1189 1948 semper

59 1952 134 2010 sunt
155 1942 319 2025 succincti.
392 1942 496 2029 irgam
527 1952 632 2020 tenet,
671 1961 749 2024 eum·
774 1962 838 2027 qua
864 1957 1044 2031 serpentes,
1079 1944 1111 2009 id
1141 1957 1190 2013 est

59 2049 199 2107 venena,
230 2024 345 2094 dicitnr
367 2024 526 2105 divisisse,
557 2025 631 2115 quia
651 2024 801 2091 bellantes
823 2048 863 2090 ao
883 2026 1070 2097 dissidentes
1092 2032 1188 2095 inter-

61 2126 187 2202 pretum
209 2110 361 2179 sedantur
382 2112 533 2179 oratione,
575 2110 727 2195 Pennatis
745 2123 850 2177 antem
866 2111 1014 2181 talaribus
1039 2114 1231 2183 calciatus20

61 2222 136 2264 esse
166 2196 299 2279 dicitur,
333 2199 406 2285 quia
435 2198 526 2265 citius
558 2196 625 2263 aliis
685 2195 794 2263 lanctis
822 2195 854 2261 in
884 2212 987 2265 ortum
1015 2201 1190 2268 revertitur.

59 2281 157 2351 Unde
190 2283 285 2349 etiam
320 2282 409 2350 relos
438 2294 472 2349 et
499 2303 609 2349 errans
671 2281 772 2348 icitur.
825 2280 941 2351 Flavus
979 2296 1013 2351 et
1042 2301 1190 2374 perustus

60 2381 169 2435 autem
189 2367 264 2434 ideo
284 2368 402 2455 ubique
416 2366 637 2442 introducitur,
660 2366 734 2454 quia
756 2366 874 2434 vicinus
896 2393 967 2436 esso
987 2371 1043 2437 soli
1064 2386 1191 2459 praeter

61 2466 188 2521 ceteras
227 2452 341 2523 stellas*
367 2454 549 2519 dinoscitur.
612 2452 736 2519 Caninn
773 2464 880 2519 antem
912 2455 1017 2543 capite
1052 2458 1192 2544 pingitur

61 2536 169 2625 (unde
189 2550 223 2607 et
242 2539 361 2607 Anubis
398 2536 549 2623 dicitur),
575 2537 650 2625 quia
680 2535 754 2602 nihil
775 2560 855 2605 cane
873 2543 1022 2627 sagacius
1050 2565 1122 2609 esse
1143 2543 1232 2608 di-25

60 2624 214 2691 noscitur.
253 2624 363 2779 leprae
384 2636 491 2692 autem
512 2625 553 2691 ab
576 2646 616 2689 ee
643 2623 791 2690 inventae
812 2636 846 2690 et
864 2647 922 2712 per
944 2650 1014 2696 earn
1035 2629 1076 2696 ab
1096 2630 1191 2718 Apol-

59 2710 126 2777 line
145 2710 256 2799 virgae
298 2732 361 2777 ono
382 2720 553 2798 acceptae,
581 2708 664 2779 haec
684 2719 734 2777 cat
755 2708 872 2777 sanun

344 2944 348 2955 .
467 2879 550 2957 45,
599 2862 783 2983 Lyra.

148 3010 257 3087 Quum
279 3000 467 3099 regrediens
486 3007 578 3076 Nilus
605 3007 638 3074 in
661 3030 736 3077 suos
769 3017 893 3079 meatus
920 3010 1007 3079 naria
1036 3011 1068 3077 in
1098 3013 1191 3080 terris

60 3094 118 3165 roll
142 3098 242 3165 uisset
263 3093 567 3176 animalia„'relicta
587 3104 636 3160 cst
657 3095 754 3162 etiam
782 3093 919 3163 testudo.
972 3098 1064 3172 Quae
1092 3116 1235 3186 quumao

61 3120 164 3273 pntds
189 3182 275 3250 facta
296 3191 397 3261 esset,
432 3189 466 3247 et
493 3178 579 3245 nervi
613 3178 680 3269 ejus
713 3182 937 3251 remansissent
959 3183 1076 3251 extenti
1110 3184 1193 3249 intra

63 3269 205 3349 corium,
240 3288 394 3357 percussa
427 3276 477 3332 est
497 3288 517 3332 a
537 3264 707 3331 Mercurio.
759 3266 881 3337 Postea
918 3284 1015 3358 ¹quum
1049 3269 1193 3358 pascenti

62 3351 191 3420 Admeti
216 3354 305 3441 regis
334 3363 476 3419 armenta
507 3351 640 3438 Apollini
671 3352 768 3420 boves
806 3354 867 3418 abe
892 3353 984 3428 sset,
1018 3367 1051 3421 et
1079 3353 1193 3441 depre-

61 3439 182 3506 hensus
203 3439 244 3504 ab
265 3462 305 3505 eo
326 3447 426 3515 esset,
449 3440 591 3525 poscenti
614 3436 761 3523 Apollini,
791 3448 831 3501 nt
852 3376 966 3503 cillere
987 3437 1124 3519 liceret,
1158 3461 1194 3503 se

61 3523 236 3589 invenisse
256 3522 383 3609 lyram,
403 3521 570 3601 concessit,
595 3533 629 3587 et
649 3524 690 3588 ab
713 3545 751 3587 en
768 3523 891 3611 virgam
913 3521 1090 3610 quandam,
1110 3545 1235 3611 quecea

62 3608 244 3676 caduceum
266 3609 397 3688 dicitnr,
427 3607 562 3694 accepit.
615 3607 719 3681 Quam
753 3630 847 3673 manu
870 3619 981 3674 tenens
1003 3608 1192 3690 Mercurius,

63 3715 164 3783 quum
186 3694 441 3782 proficisceretur
464 3693 496 3757 in
516 3689 700 3773 Arcadiam,
732 3704 766 3761 et
787 3692 915 3761 vidisset
936 3692 1017 3760 duos
1038 3693 1195 3761 dracones

62 3778 231 3868 implicitos
259 3779 342 3846 inter
369 3802 406 3846 se
436 3776 616 3856 dimicare,
643 3779 764 3867 virgam
792 3779 873 3845 inter
901 3778 1023 3846 medios
1054 3779 1197 3882 projecit.

63 3865 110 3932 llli
131 3888 205 3932 mox
226 3864 408 3952 segregati,
442 3862 664 3930 discesserunt
711 3864 788 3937 Quo
811 3864 915 3943 facto,
937 3888 1018 3943 -earn
1042 3867 1196 3954 nrgnlam
1223 3924 1227 3941 ,

87 3950 155 4018 acis
176 3973 275 4019 causa
304 3950 456 4037 cognorit
480 3971 554 4015 esse
583 3947 766 4015 institutam.
815 3950 937 4037 Virgae
965 3964 1069 4018 autem
1104 3952 1238 4040 liujusan

64 3974 150 4103 iaec
170 4047 221 4104 est
242 4036 333 4103 ratio.
377 4033 555 4101 Mercurius
576 4044 608 4100 et
631 4034 780 4109 orationis
803 4033 882 4103 deus
905 4059 977 4103 esse
998 4036 1131 4116 dieitur,
1164 4047 1197 4103 et

65 4118 224 4211 interpres
246 4119 389 4189 deorum·
441 4119 538 4188 Unde
551 4119 649 4206 ‘virga
677 4133 842 4207 serpentes
863 4120 987 4201 dividit,
1020 4120 1053 4187 id
1074 4134 1124 4189 est
1144 4145 1197 4185 ve-

65 4229 167 4293 nene3
198 4230 275 4277 nam
302 4207 453 4277 balantes
482 4205 691 4296 interpretum
718 4207 862 4276 oratione
889 4205 1050 4283 sedentur.
1101 4205 1197 4274 Unde
1262 4280 1269 4291 „
