2632 4658
93 108 224 237 strae
417 93 597 276 erynnys
625 159 676 231 n.
711 154 994 245 ,aua-nos.
1038 216 1041 223 .
1305 162 1308 193 ¹

144 343 186 408 ab
213 338 366 427 Aegistho
392 336 552 419 adultero,
580 337 730 428 'l'byestis
758 350 792 407 et
814 292 967 428 Pelopiae
986 338 1070 407 filiae
1090 362 1170 407 suae
1189 352 1270 419 nato,

146 425 270 493 occisus
299 437 364 507 est3
397 445 492 510 quem
520 436 632 511 postea
652 423 803 505 Orestes,
832 447 929 513 quum
951 424 1160 508 adolevisset„
1181 428 1271 494 simul

147 534 220 578 cum
255 521 358 577 matre
388 506 619 609 clytemnestra
652 508 684 573 in
717 509 864 577 ditionem
887 513 990 598 patris
1016 510 1143 593 occidit
1203 512 1270 587 Quo
1301 580 1305 585 ff

147 596 276 662 crimine
296 617 392 683 quum
412 616 442 656 rn
464 596 629 660 amentiam
655 616 762 661 versus
788 597 994 675 surrexisset,
1025 597 1119 663 amici
1147 596 1270 686 Pyladis

122 681 283 761 amonitu,
324 679 365 745 ad
399 677 559 745 evitandas
593 679 707 745 Furias
744 680 891 791 templum
924 680 1070 749 Aellinis
1135 704 1228 767 gress

149 790 247 854 quum
267 762 358 831 vellet
378 764 482 842 exire,
503 764 682 830 invaserunt
701 785 772 830 eum
793 765 921 831 bariae.
986 765 1038 831 'nc
1056 768 1271 847 estrSedent

146 850 288 915 ultrices
309 848 346 911 ic
370 848 491 913 limine
512 849 622 914 dimo.
652 849 758 921 Quum
780 872 852 915 vero
876 853 918 917 ab
938 850 1059 917 insania
1079 872 1194 918 cerere
1215 874 1271 917 non

146 945 270 1023 posset,
301 930 464 998 oraculum
485 932 570 999 adiit
612 931 675 999 Oui
696 954 880 1020 responsum
909 946 974 1016 est,
1002 935 1054 999 sic
1076 958 1155 1001 cum
1181 958 1272 1023 posse

145 1018 284 1095 cancri,
312 1018 344 1082 si
364 1016 506 1101 Dianae
526 1017 707 1104 Scythicae
729 1019 954 1084 sirnnlncrmn
979 1020 1021 1084 de
1046 1018 1201 1085 Taurica
1222 1041 1272 1084 re-

107 1130 141 1178 10
173 1104 249 1167 ione
263 1101 390 1188 ferret.
441 1102 517 1167 Mox
547 1125 642 1188 quum
667 1102 797 1168 curandi
816 1104 929 1170 furoris
953 1103 1057 1190 gratia
1079 1111 1154 1177 cuni
1175 1104 1270 1169 amim

177 1186 270 1276 ylade
301 1185 439 1252 Colchos
471 1197 609 1274 peteret,
649 1209 669 1251 a
706 1210 817 1254 sorore
844 1189 988 1274 agnitus,
1011 1189 1087 1277 ejus
1121 1210 1270 1255 consensu

146 1273 254 1339 occiso
276 1293 357 1358 rege
373 1272 538 1348 Thoante,
571 1270 771 1339 simulacrum
798 1274 921 1341 sustulit
944 1274 1166 1341 abscunditum
1190 1274 1270 1339 fasee

147 1358 305 1444 lign‘ornm
327 1354 431 1442 (unde
452 1368 484 1423 et
500 1356 655 1421 Fascelr's
669 1355 793 1438 dicitur,
812 1380 875 1424 non
898 1368 1017 1427 tantum
1038 1383 1058 1425 a
1078 1357 1177 1438 face,
1205 1382 1270 1424 curn

148 1466 211 1531 qua
232 1442 387 1531 pingitur,
408 1440 467 1506 sed
487 1453 519 1506 et
540 1465 559 1506 a
579 1438 674 1521 fasce
693 1441 888 1528 lignorum),
911 1455 944 1511 et
959 1443 1000 1510 ad
1019 1442 1141 1511 Italiam
1157 1442 1270 1517 detulit,

107 1528 307 1598 recollocans
327 1528 358 1593 in
380 1547 509 1591 nemore
534 1525 669 1599 Aricino.
713 1516 780 1592 Sed
800 1550 896 1615 quum
916 1540 1031 1617 postea
1050 1529 1206 1595 Romanis
1225 1554 1269 1595 sa-

149 1635 274 1679 crorum
297 1609 465 1678 crudelitas
489 1608 683 1697 displiceret,
711 1634 899 1701 quamquam
928 1614 1008 1680 servi
1025 1613 1269 1691 immolarentur,

147 1697 190 1765 ad
216 1697 363 1763 Laconas
393 1706 442 1762 est
468 1694 634 1775 translata,
665 1695 772 1785 ibique
795 1698 941 1765 sacrificii
969 1697 1170 1766 consuetodo
1199 1698 1269 1764 ado

145 1782 319 1849 lesoentnm
347 1779 528 1850 verberibus
557 1780 757 1863 servabatur,
786 1784 841 1871 qui
862 1785 1056 1851 vocabantur
1075 1786 1270 1872 cometam.

146 1868 194 1933 Hi
222 1868 342 1935 tamdiu
369 1865 628 1953 flagellabantur,
662 1864 767 1935 donee
792 1867 886 1935 cruo'r
913 1892 953 1935 ex
981 1871 1119 1936 humano
1141 1890 1293 1958 corpore,

106 1955 271 2024 pollueret.
313 1951 511 2040 superpositi
539 1952 621 2016 enim
643 1952 704 2018 aris
726 1953 978 2031 contendebant,
1008 1954 1062 2043 qui
1089 1953 1184 2042 plura
1209 1975 1271 2019 rer-

148 2041 225 2119 ber'a
245 2051 374 2127 possent
393 2036 557 2105 sustinere.
600 2037 723 2103 Orestis
742 2060 817 2104 vero
836 2063 926 2118 ossa,
951 2042 993 2108 ab
1014 2039 1120 2107 Aricia
1139 2040 1270 2119 &man
1292 2110 1295 2127 Ι

147 2124 315 2206 translata,
337 2135 412 2190 ante
432 2121 581 2211 templum
603 2121 733 2188 Saturni
753 2137 826 2192 sunt
845 2125 956 2213 posita.

191 2264 194 2279 Ι
306 2247 313 2273 l
373 2293 469 2367 205.
529 2297 749 2395 Jn-ppiter
784 2308 826 2373 et
862 2296 1066 2399 Aegina„

233 2424 396 2514 Juppiter,
416 2425 448 2489 in
481 2423 614 2511 aquilam
649 2435 801 2502 mutatus,
822 2426 994 2513 Aeginam,
1016 2423 1114 2511 Asopi
1140 2423 1271 2491 fluminis

108 2512 260 2592 enfiliam,
291 2511 412 2599 rapnit3
449 2519 482 2575 et
502 2532 571 2574 eam
593 2509 716 2589 vitians,
751 2512 846 2577 filium
867 2512 993 2576 nomine
1016 2512 1156 2576 Aeacum
1179 2532 1219 2576 ex
1238 2531 1272 2573 ea

150 2596 297 2685 suscepit.
341 2597 446 2670 Quam
474 2606 595 2681 raptam
615 2617 711 2681 quum
734 2608 823 2681 pater
843 2619 946 2683 aequo
975 2595 1078 2661 animo
1108 2594 1196 2661 serre
1216 2615 1271 2658 non

148 2695 274 2770 posset,
296 2682 379 2749 omni
401 2700 553 2765 aquarum
575 2680 703 2764 agmine
732 2680 852 2747 caelum
883 2681 1028 2769 petebat,
1062 2678 1134 2744 lori
1162 2677 1272 2745 bellum

148 2769 296 2833 inferens.
347 2766 421 2839 Quo
456 2764 559 2842 facto,
593 2765 679 2829 Jovis
709 2764 837 2831 fulmine
871 2788 1039 2852 percussus
1069 2776 1126 2829 est
1176 2762 1272 2830 Cu'us

148 2853 297 2918 infamiae
335 2848 486 2917 memoria
517 2861 552 2914 ut
571 2849 603 2913 in
631 2861 794 2917 aeternum
832 2861 988 2927 maneret,
1022 2848 1137 2931 dicitur
1167 2789 1270 2929 bodie,

109 2938 202 3012 anille
224 2951 385 3024 tempore,
406 2957 469 3024 quo
490 2933 572 3001 ictus
585 2945 659 3015 est,
691 2937 798 3022 prunis
818 2935 1001 3002 ardentibus
1022 2934 1140 3001 liuerec
1308 2942 1312 2949 '

497 3105 636 3179 004.
690 3104 882 3181 Aeacus.
990 3182 995 3191 ,

234 3236 374 3311 Aeacus,
404 3232 484 3298 filius
504 3234 645 3299 lovis-et
663 3234 802 3319 Aeginae
824 3231 983 3318 Asopidis,
1005 3255 1103 3321 quum
1124 3234 1277 3321 Aeginam

150 3319 282 3387 insulam
298 3317 467 3397 incoleret,
489 3329 521 3383 et
542 3324 673 3403 graver'n
694 3318 901 3404 pestilentiam
921 3320 1054 3383 Jrrnonis
1074 3320 1123 3384 ira
1145 3321 1277 3387 sustine-

115 3429 120 3435 ·
151 3418 218 3482 ret,
248 3405 397 3492 precibus
418 3403 665 3469 misericordiam
685 3403 771 3468 Jovis
789 3403 974 3488 impetravit.
1014 3404 1122 3478 Quum
1143 3404 1278 3472 enimin

110 3506 145 3556 35
153 3494 267 3558 arbore
285 3490 338 3555 fici
360 3489 523 3568 formicas,
546 3488 578 3553 id
608 3500 657 3554 est
677 3481 872 3577 μύρμηκας,
904 3487 1047 3566 vidisset,
1080 3490 1206 3575 optavit
1226 3488 1279 3556 sibi

153 3588 201 3644 tot
229 3574 333 3643 socios
363 3574 496 3641 evenire.
550 3574 594 3639 Et
623 3574 727 3641 statim
757 3571 907 3637 formicae
937 3571 968 3636 in
997 3572 1141 3640 homines
1172 3595 1279 3640 versae

152 3674 242 3743 surrt;
265 3658 351 3726 unde
373 3660 447 3727 dicti
469 3657 542 3726 sunt
571 3655 859 3746 Myrmidones.
909 3658 983 3722 Hae
1017 3667 1123 3723 autem
1154 3658 1281 3725 fabulae

103 3742 105 3755 '
152 3760 232 3814 runt.
274 3743 342 3811 Sed
363 3768 471 3812 verum
493 3755 559 3825 est,
580 3743 793 3833 Myrmidones
811 3741 912 3809 dictos
934 3765 954 3808 a
974 3760 1056 3830 rege
1070 3743 1282 3832 Myrmidone.

417 3946 513 4020 205.
575 3946 739 4020 Peleus
769 3957 814 4019 et
840 3943 1015 4035 Thetis.

109 4084 173 4158 40¹
243 4083 350 4157 Quum
377 4070 522 4163 luppiter
551 4073 641 4141 vellet
670 4071 857 4150 Thetidem,
888 4069 1107 4163 Nympharum
1140 4084 1283 4153 matrem,

152 4169 288 4250 ducere,
311 4165 376 4233 fata
395 4160 643 4252 prohibuerunt,
663 4181 702 4226 eo
724 4156 810 4262 quod
829 4154 952 4246 proles,
972 4179 1055 4263 quae
1084 4173 1284 4233 nasceretur,
