2632 4658
325 122 335 127 ’
453 162 636 267 napum.
663 164 717 239 u.
772 161 840 237 ra.
1142 162 1217 239 aar

81 356 267 439 praecepto,
286 347 319 417 in
333 358 537 423 eannterruru
550 346 688 429 devenit,
710 370 794 453 onae
809 356 924 437 postea
933 304 965 411 'a
974 338 977 343 ⁴
986 342 1065 411 hove
1080 344 1219 414 Boeotia

82 434 171 501 dicta
199 448 257 503 est.
285 436 409 517 ,Quum
437 448 544 505 autern
574 434 617 502 nd
642 436 754 505 Martis
786 435 905 503 fontem
933 430 1038 499 socios
1066 435 1217 519 aquatam·

81 519 236 601 mnam,
264 528 298 589 et
316 520 385 609 ipsa
409 519 482 589 illuc
509 532 582 610 post
610 542 667 597 eos
690 520 843 603 venisset3
870 530 906 589 ut
928 516 1005 585 vidit
1024 538 1044 581 a
1064 516 1215 599 dracone,

82 604 139 693 qui
157 604 255 673 Marti
276 616 346 673 erat
365 618 589 681 consecratus,
616 604 722 675 socios
743 616 943 683 consumtor,
967 611 1148 689 serpentem
1167 602 1214 669 in-

83 690 227 771 teremit,
257 703 290 759 et
315 689 426 761 dentes
450 690 519 781 ejus
538 689 635 759 serit:
665 713 704 759 ex
726 692 840 781 quibus
860 690 1092 776 terrigenarum
1110 686 1238 757 multi-t

79 772 162 843 tudo
183 776 402 865 progignitur,
450 799 511 845 nae
530 800 568 845 se
588 778 705 845 mutuis
729 776 907 853 vulneribus
928 774 1102 865 interemit,
1122 774 1213 865 quin·

106 882 149 927 ue
164 868 271 927 tamen
283 884 320 929 su
362 862 442 931 rstitr
465 886 514 941 us,
526 884 662 953 quorum
677 862 803 931 uomina
816 862 914 929 haec:
935 858 1070 939 Echion,
1084 857 1214 949 Idaeus,

81 884 273 1020 durantur,
340 946 463 1025 elorus,
494 950 696 1039 Hyperenor.
755 948 821 1024 Qui
851 946 1014 1015 Minervae
1052 943 1235 1013 voluntate·

79 1029 207 1099 Cadmo
236 1041 270 1099 et
300 1033 483 1122 Amphioni,
514 1043 626 1100 cantus
648 1031 836 1113 dulcedine,
867 1045 905 1103 ut
923 1052 983 1099 sua
1001 1042 1115 1119 sponte
1126 1054 1212 1098 aare

79 1116 179 1183 muris
199 1140 237 1187 se
256 1117 472 1221 imponerent,
492 1118 666 1222 efficienti,
681 1114 843 1209 adjutores
864 1112 1103 1221 condendarum
1120 1116 1249 1185 'Phe-to

81 1200 196 1271 barum
216 1200 336 1287 addrtr,
364 1216 399 1273 et
416 1226 575 1295 pnncrpes
596 1204 683 1273 urhis
704 1216 779 1275 suut
799 1204 885 1273 saon.
921 1292 927 1303 ι

365 1408 388 1477 ”
477 1472 545 1551 78.
599 1474 820 1559 Cadmus.
942 1555 945 1561 ,

165 1626 292 1719 Nupsit¹
304 1628 447 1701 Cadmus
469 1628 684 1711 Hermionae,
706 1650 791 1719 quae
810 1638 885 1697 trata
905 1637 976 1695 erat
996 1647 1036 1693 ex
1057 1622 1213 1693 adulterio

81 1710 195 1781 Martis
216 1726 250 1783 et
270 1714 422 1797 Venerist
447 1714 507 1783 sed
527 1714 610 1791 malo
631 1715 746 1782 hmine.
787 1714 868 1783 Post
891 1735 964 1779 uana
984 1711 1107 1778 filiabus
1129 1710 1213 1777 Solis

78 1798 191 1867 Venus
219 1821 344 1870 amores
373 1800 517 1876 immisit,
545 1811 579 1867 et
608 1798 755 1887 singulae
782 1738 898 1867 exitidii
927 1799 1040 1865 morbo
1061 1797 1246 1864 detentaert

78 1882 284 1965 interierunt,
310 1884 472 1954 Vulcanus
499 1886 663 1957 Minervae
691 1883 820 1951 consilio
848 1883 963 1949 monile
987 1893 1057 1949 astu
1077 1882 1215 1969 perfecit

78 1970 174 2055 (narn
194 1970 353 2037 consciam
377 1972 452 2039 lacti
472 1970 646 2037 Minervam
666 1969 808 2037 indicant
827 1968 911 2034 oculi
934 1970 1129 2055 Gorgonae,
1159 1968 1214 2054 qui

78 2054 112 2119 in
133 2052 250 2123 eodem
271 2055 376 2122 monili
397 2056 533 2143 gemmis
550 2065 646 2142 ,erant
666 2054 803 2143 inserti).
845 2054 941 2121 Fecit
959 2076 1040 2141 ergo
1053 2053 1213 2118 Vulcanus

79 2138 195 2205 monile
222 2140 469 2229 pulcherrimum
492 2142 620 2209 infausti
650 2139 780 2223 ominis,
813 2140 859 2207 ita
889 2152 926 2211 ut
956 2160 1089 2205 necesse
1127 2149 1213 2205 esset

77 2224 143 2291 hoc
173 2226 289 2293 monile
326 2238 506 2315 gestantem
540 2248 762 2295 aerumnarum
796 2224 878 2292 male
909 2224 1052 2313 opprimi.
1113 2222 1255 2299 Quodne

78 2306 170 2391 dedit
198 2312 412 2393 Hermionae,
449 2312 561 2381 Martis
594 2320 633 2382 et'
661 2310 793 2379 Veneris
824 2311 928 2391 filiae,
960 2332 1057 2399 quum
1086 2306 1213 2376 Cadmo

78 2396 237 2483 Agenoris
258 2396 486 2467 tilio'nuheret
529 2397 631 2501 Cujus
654 2397 736 2465 malo
755 2397 861 2464 omine
881 2392 979 2463 multa
1000 2394 1133 2467 adversa
1155 2417 1213 2482 pa-

79 2478 180 2561 tiens,
217 2481 386 2551 novissime
416 2482 542 2552 Cadmo
574 2506 607 2549 rn
635 2482 793 2573 Illyricum
822 2480 993 2547 infortunia
1025 2480 1214 2547 Thebarum

78 2564 240 2653 fugiente,
267 2590 341 2635 cum
365 2592 406 2635 eo
432 2570 465 2635 in
491 2568 665 2636 draconem
694 2590 849 2634 conversa
879 2578 940 2633 est.
993 2563 1121 2631 Deinde
1149 2564 1213 2631 hoc

76 2650 194 2717 monile
221 2652 349 2721 Semele
375 2654 527 2743 portarit,
554 2676 638 2743 quae
669 2652 799 2721 fulmine
827 2652 915 2718 Jovis
941 2649 1068 2721 interiit
1118 2648 1254 2721 ldemaa

75 2736 190 2805 habuit
214 2737 292 2819 Ino,
325 2760 426 2827 quae,
450 2740 559 2806 occiso
589 2763 610 2805 a
637 2740 751 2807 marito
778 2737 967 2813 Athamante
990 2758 1048 2824 per
1070 2734 1212 2805 furorem

77 2843 142 2889 uno
163 2843 204 2889 ex
223 2822 293 2891 liliis
312 2820 479 2907 Learcho,
501 2848 572 2891 curu
595 2825 673 2906 alio,
693 2823 727 2890 id
749 2835 798 2891 est
818 2822 1030 2898 Palaemone,
1059 2845 1097 2889 se
1116 2844 1211 2910 prae-

77 2907 300 3063 illinit
328 2931 438 3061 'imi
476 2911 650 3061 ‘'h‘'i‘ll
681 2909 873 3059 libili
902 2908 1023 3058 illl?
1047 2906 1211 3061 ltltt

75 3078 152 3145 Hae
179 3078 277 3167 igitur
295 3016 606 3231 pragedrictheqfiiac
632 3019 747 3146 Oaddai
778 3092 812 3145 et
841 3015 1253 3227 Hermtorpepsuerunsan

76 3163 203 3231 Habuit
231 3176 265 3233 et
312 3176 441 3244 cenam,
473 3188 558 3253 quae
589 3186 648 3253 per
678 3185 819 3231 errorem
847 3162 911 3228 lilio
938 3164 992 3230 0e
1014 3162 1067 3251 ipo
1094 3163 1209 3253 nupsit.

75 3248 201 3316 Habuit
222 3260 256 3317 et
278 3250 396 3336 Argia,
417 3248 543 3319 Adrasti
565 3250 653 3339 regis
673 3250 755 3333 lilia,
776 3273 796 3315 a
816 3249 930 3315 marito
948 3248 1120 3333 Polynice,
1150 3270 1210 3337 per

75 3331 286 3401 hereditatem
311 3337 443 3418 sortito,
472 3358 513 3401 eo
541 3334 678 3417 donata;
732 3359 793 3401 nae
823 3333 909 3400 idem
935 3334 1051 3400 monile
1078 3345 1210 3422 propter

72 3418 276 3507 prodendum
296 3420 442 3488 maritum
465 3418 688 3511 Amphiaraum
709 3361 901 3510 iiriphylae,
925 3419 993 3508 ejue
1014 3419 1121 3499 uxori,
1142 3432 1208 3486 tra·
1229 3448 1232 3453 ·

74 3504 174 3583 didit,
194 3528 288 3593 quam
348 3518 418 3573 stea
430 3506 512 3574 lilius
526 3507 698 3574 Alcmaeon
715 3507 748 3571 in
767 3503 937 3570 vindictam
959 3504 1057 3592 patris
1078 3501 1249 3572 occiditeh

73 3588 275 3678 Orestesque
316 3590 432 3672 irrore,
463 3592 570 3658 occisa
599 3603 719 3670 matre,
752 3599 936 3689 correptus,
973 3589 1059 3654 idem
1091 3590 1209 3656 monile

72 3674 207 3779 Apobini
227 3678 436 3744 consecravit.
478 3676 576 3753 Quod
596 3677 628 3742 in
650 3678 772 3743 sontem
794 3684 981 3763 projectum,
1002 3673 1099 3741 hodie
1119 3676 1209 3742 cerni

73 3758 199 3829 dicitur.
240 3759 338 3839 Quod
358 3762 385 3829 si
407 3761 477 3852 quis
498 3761 729 3841 attrectaverit,
761 3759 870 3826 dicunt
896 3760 996 3827 solem
1025 3761 1145 3827 offendi
1174 3773 1207 3829 et

74 3856 281 3935 tempestates
318 3846 404 3914 oriri.
451 3848 601 3924 Quatuor
628 3860 739 3921 sutem
765 3866 910 3925 sorores,
944 3844 1021 3928 Ino,
1049 3849 1205 3927 Autonoe,

73 3930 221 4011 Semele,
255 3937 385 4021 Agave,
421 3933 505 4000 tiliae
543 3932 658 4001 Cadmi
696 3954 768 3999 esse
804 3929 973 4012 dicuntur,
1017 3934 1092 4036 quia
1127 3952 1249 4036 ‹pua-to

71 4026 235 4087 morcant
254 4018 417 4086 ebrietatis
438 4040 577 4107 genera3
600 4018 784 4097 vinolentia,
815 4037 922 4084 rerum
944 4016 1204 4101 obliv10,librdo,

71 4102 204 4171 insanis.
257 4101 355 4173 Unde
388 4116 423 4174 et
458 4103 588 4175 uomina
626 4105 709 4175 haec
750 4114 889 4194 quatuor
922 4103 1075 4173 Bacchae
1112 4126 1205 4173 acce-

71 4198 248 4277 remu-
