2632 4658
46 140 83 171 γ’
150 166 222 245 62·
317 159 1132 274 NotaeCrilioaeinnrylh.l‚196-199,
1178 214 1187 223 ,

150 351 182 402 de
200 349 252 401 hac
269 366 297 401 re
315 365 384 417 quae
400 347 424 397 ei
442 361 546 397 reuerso
559 361 603 412 pr.
622 320 769 394 oecurr'ent
788 343 880 395 B'non
907 345 970 396 setis
993 345 1101 401 Latine.
1120 372 1160 389 -
1176 351 1214 400 all
1231 347 1281 418 r'gi-⁴

149 423 211 490 tur)
228 421 320 479 nurse
338 420 371 473 Ι).
388 447 424 458 -
442 425 473 466 ut
493 415 575 482 filius
602 414 645 480 (ei
669 413 711 480 B)
740 415 799 480 ejus
825 413 916 482 (prius
941 415 1063 487 adrhc)
1091 434 1198 469 occurr.
1222 419 1280 472 Bc

149 493 182 544 Ι).
199 521 236 533 -·
253 495 288 543 3³
307 489 408 558 Quam)
427 488 510 553 (tuem
527 486 550 537 Β
569 486 591 536 C
609 486 696 538 1).-
714 492 746 533 ut
762 484 812 534 alii
833 484 943 550 dicunt)
968 498 1020 538 om.
1045 488 1079 539 B.
1098 515 1135 526 -
1151 493 1190 541 34
1208 490 1280 540 uellet

144 565 183 616 B.
201 595 237 607 -
253 567 288 614 36
306 577 376 612 uuna
395 558 452 614 Cet.
470 558 501 609 0.
519 585 555 596 -
572 561 657 611 iitisut
674 564 701 604 et
719 555 742 606 C
760 555 793 609 l).
811 580 848 594 --
864 560 980 624 campos)
1005 555 1115 609 licticus
1131 559 1230 626 (liciae
1246 563 1283 627 D}

152 636 212 701 lege
230 632 356 700 lyctius)
373 629 528 680 Idomeneus
546 626 643 683 addunt
661 627 684 677 C
700 627 738 688 D,
762 626 807 677 sed
826 628 849 678 B
867 624 931 678 hoec
955 635 982 680 et
1005 628 1212 696 praecedentem
1228 648 1280 687 ver-

101 746 107 757 .
149 718 207 758 snm
225 703 323 766 omisit,
350 701 396 766 qni
414 707 453 750 est
472 700 574 765 Virgilii
599 701 657 758 (Ae.
676 701 708 761 3,
727 698 814 762 406).
857 698 996 750 Caeterum
1021 700 1097 754 Serv.
1124 701 1160 752 ad
1187 705 1280 767 Aet,

148 781 200 828 401
217 775 381 829 idomeneum
399 771 432 822 ad
450 770 548 823 Italiam
567 768 673 832 venisse,
693 774 801 836 ac1post
818 770 844 820 in
863 769 951 820 Asiam
968 769 1117 836 proiectum
1135 772 1277 826 decessisse

149 847 221 900 dicit.
258 846 308 897 Alii
332 843 398 894 hurso
425 856 570 907 regressum
595 839 742 893 consedisse
766 838 833 913 apud
859 840 1004 907 Apollinem
1028 841 1147 897 Clarium
1172 843 1278 899 madunt.

149 917 192 973 Cf.
210 917 290 973 Proh.
307 915 342 968 ad
358 914 416 970 Eoi.
435 917 467 978 6,
484 916 518 965 31
537 914 582 968 fin.
1061 916 1066 924 ·
1134 944 1148 957 ..

459 1034 530 1100 196.
571 1030 782 1122 Mythogr.
815 1029 864 1111 ΙΙ,
897 1021 992 1100 190]
1024 970 1030 996 Ι

194 1138 400 1215 'suppositura
443 1139 525 1193 Immo
547 1138 687 1209 impositus
713 1138 753 1188 vel
777 1139 969 1208 superpositus·
1013 1139 1037 1192 B
1072 1113 1222 1211 ouflerponi
1242 1150 1278 1196 est

143 1210 250 1282 justus.
268 1240 303 1252 --
320 1220 416 1263 exorta
432 1212 485 1277 est)
499 1210 583 1280 facta
603 1220 645 1261 est
662 1210 695 1265 Β.
712 1213 781 1260 -1
807 1213 877 1263 Hae.
894 1229 976 1261 auum
995 1219 1094 1280 postea
1118 1219 1175 1266 etc.
1202 1216 1233 1269 Β.
1247 1241 1278 1254 -

148 1303 228 1353 opum
251 1281 348 1350 etium)
372 1291 399 1333 et
424 1300 503 1350 opum
523 1282 557 1337 B.
570 1285 641 1332 -2
672 1281 793 1344 nimium)
819 1297 872 1333 om.
896 1230 929 1337 ii.
952 1311 988 1323 -
1010 1285 1027 1333 4
1051 1284 1277 1351 prosperitatibus

147 1354 181 1412 Β.
199 1384 236 1398 ·-
252 1356 460 1422 superventura)
477 1362 606 1405 eventura
624 1353 655 1404 Β.
674 1379 709 1390 -
726 1357 744 1404 5
762 1351 791 1401 iu
809 1351 916 1404 somniis
943 1353 975 1404 Β.
993 1381 1029 1392 -
1045 1358 1064 1405 6
1082 1354 1162 1407 Jovis
1181 1356 1220 1421 B,
1241 1359 1276 1410 vel

147 1427 231 1494 primo
244 1426 285 1477 vel
297 1424 412 1478 secundo
430 1440 500 1477 casm
530 1425 708 1484 ,Posteriorem
728 1422 793 1474 hanc
811 1423 932 1475 historiae
949 1430 1048 1493 portem
1065 1426 1135 1477 alios
1154 1428 1233 1494 vulgo
1249 1429 1277 1480 de

145 1497 284 1563 Polycrate
309 1496 455 1551 Samiorum
480 1501 588 1559 tyranno
614 1509 718 1545 narrare
740 1494 918 1551 animadvertit
948 1495 1041 1560 Majus.
1059 1501 1135 1547 -8
1164 1498 1277 1564 recaluit)

145 1563 375 1635 interpretabatur
392 1566 425 1621 Β.
443 1598 479 1609 -
492 1566 521 1615 in
545 1582 620 1615 cruce
648 1564 687 1628 B,
717 1565 760 1631 qui
784 1571 917 1630 utramque
934 1567 1051 1633 copulam
1069 1567 1096 1616 in
1114 1582 1193 1634 seqq.
1218 1571 1275 1622 omi·

145 1639 190 1690 sit.
207 1668 244 1681 —
261 1641 278 1688 9
297 1638 382 1706 aqua)
398 1633 478 1688 imbre
495 1636 527 1689 B.
546 1662 582 1674 -
598 1635 641 1703 α)-
656 1651 708 1688 om.
734 1635 767 1688 Β.
785 1666 820 1679 -
839 1639 874 1688 16
890 1636 994 1704 fixus.)
1025 1637 1095 1704 Leg.
1121 1639 1276 1708 crucifixus.

144 1709 169 1761 B
184 1724 339 1777 turpentur.
895 1738 898 1743 ι
1196 1733 1200 1737 —

412 1829 484 1897 197.
533 1828 757 1919 Thamyris
791 1837 832 1896 et
860 1828 1008 1899 Musae.

221 1933 386 2004 Thannuris.)
417 1936 447 1987 ll.
459 1942 485 2000 2,
494 1941 556 1988 595.
585 1937 626 1988 De
636 1952 664 1987 re
674 1937 725 1989 vid.
735 1935 815 2004 Orsh·
827 1939 927 2003 poema
939 1938 988 1990 Gr.
998 1937 1078 2003 antiq,
1088 1937 1275 1991 auctoreBoie

144 2024 170 2074 p,
180 2008 223 2057 37.
238 2011 318 2071 Gzlsq.
334 2036 363 2047 -
383 2007 448 2074 Maji
463 2008 521 2059 cod.
539 2007 699 2067 uunmaris,·
721 2025 763 2076 ap.
777 2006 857 2062 schol.
870 2009 902 2060 ad
916 2011 984 2061 Stat.
1004 2027 1029 2077 p.
1044 2011 1097 2071 128
1111 2016 1155 2062 est
1173 2009 1273 2061 Tharri-

146 2094 210 2140 rur,
227 2077 384 2133 adstruam.
410 2083 442 2141 6,
465 2082 520 2130 262
546 2078 715 2147 Thamyrae,
743 2078 866 2140 Tamira,
894 2080 1030 2147 Tamaris,
1060 2080 1182 2137 Territa.
1199 2111 1235 2125 -
1248 2087 1272 2132 et

144 2145 248 2216 Apoll.)
265 2148 359 2216 Apollo
376 2150 455 2216 vulgo
472 2166 522 2202 non
540 2156 696 2204 memoratur
720 2150 746 2202 iu
770 2149 819 2201 hoc
842 2151 992 2204 conamine.

43 2368 46 2375 ,
138 2336 147 2352 .
239 2296 312 2361 ree.
365 2242 1228 2386 aanoraasternunt,moyrame¹

571 2381 855 2470 8‚483p.294.

215 2485 366 2555 Meleagria
381 2483 521 2553 Pleuron.)
557 2487 598 2538 lta
616 2486 788 2545 lrancnrbem
809 2496 884 2542 vocat
902 2489 970 2540 Stat.
988 2487 1004 2538 Ι.
1024 2487 1042 2539 Ι.
1060 2485 1106 2536 nbi
1123 2482 1210 2541 schol.
1222 2499 1273 2537 mm

145 2558 272 2613 Boeotiae
289 2559 417 2610 civitatem
436 2557 511 2621 dicit,
538 2574 615 2624 quam
632 2559 700 2614 idem
718 2562 777 2612 alibi
795 2568 866 2613 reete
892 2561 917 2610 in
942 2557 1043 2609 Aetolia
1068 2558 1174 2622 quaerit
1201 2574 1227 2623 p.
1242 2559 1273 2607 86

146 2635 174 2682 et
192 2647 219 2697 p.
237 2632 306 2692 2943
334 2629 411 2683 Hom.
430 2628 460 2679 ll.
485 2632 517 2692 2,
537 2633 607 2684 639.
630 2629 763 2696 ΤΙιιιε.3,
783 2636 848 2695 162,
868 2630 988 2697 Apollod.
1014 2632 1045 2690 1,
1070 2631 1105 2691 t,
1131 2631 1166 2692 6,
1191 2625 1272 2680 Sahal.

144 2700 226 2767 Soph.
244 2700 290 2754 Tr.
309 2705 334 2750 7.
351 2730 387 2740 -
405 2697 604 2768 Meleagrides.)
623 2704 678 2753 hel.
705 2703 740 2754 H.
765 2706 796 2756 A.
822 2706 854 2766 4,
872 2705 923 2765 42,
948 2703 1009 2752 Ant.
1027 2697 1088 2748 Lib·
1105 2701 1136 2761 2,
1156 2698 1226 2750 Plin.
1243 2695 1274 2750 Ν.

145 2770 181 2822 Η.
202 2775 251 2833 10,
268 2773 304 2820 26
322 2771 339 2832 5
357 2772 391 2819 74
409 2769 498 2835 Sillig,
517 2776 544 2821 et
560 2774 610 2834 37,
631 2776 677 2835 11,
694 2774 767 2838 Hyg.
786 2773 870 2826 6.·174
888 2791 914 2840 p.
926 2775 988 2826 292.
1024 2768 1100 2823 Laut.
1119 2785 1192 2825 narr.
1210 2768 1273 2822 sabb.

141 2846 174 2906 8,
193 2844 210 2892 4
234 2859 258 2908 p.
277 2842 338 2891 848.

270 2961 342 3026 199.
384 2958 526 3040 Iason,
557 2960 793 3053 Hypsipyle
826 2976 865 3030 et
896 2964 1152 3034 Phetoneus.

53 3066 56 3070 ’
211 3067 256 3119 'Ne
274 3065 351 3132 hujus
369 3066 470 3120 fabulae
485 3073 577 3120 auctor
603 3069 677 3122 nimis
701 3073 817 3124 videatur
834 3088 849 3123 a
867 3073 975 3125 veritate
993 3073 1129 3137 oberrare,
1159 3069 1271 3124 Vaticani

143 3138 240 3197 codicis
255 3139 393 3191 lectionem
419 3139 552 3189 Iasonidia
570 3139 663 3206 filia.
685 3174 693 3191 .
713 3161 782 3213 quae
805 3145 900 3195 mutavi
925 3145 951 3194 in
978 3142 1118 3194 Iasonidae
1144 3141 1229 3210 filius
1245 3176 1271 3196 ..

144 3209 202 3280 qui.
236 3210 369 3262 lasonides
383 3210 451 3262 enim
464 3210 500 3262 ita
515 3225 530 3260 a
545 3213 710 3276 grammatico
726 3215 836 3279 quodam
851 3215 995 3283 explicatus
1009 3220 1056 3268 est,
1069 3213 1155 3281 filius
1169 3209 1271 3262 Iasonis

142 3289 172 3330 et
189 3283 280 3349 Hyllo
296 3306 347 3337 -,
368 3281 439 3331 Duos
449 3296 483 3333 ex
493 3281 584 3336 Iasone
597 3283 664 3333 filios
676 3288 820 3351 procreavit
832 3286 976 3352 Hypsipyle
994 3284 1113 3337 Ennenm
1124 3290 1153 3337 et
1172 3281 1270 3335 Thoen-

22 3381 24 3385 ·
64 3373 67 3377 >
144 3358 211 3416 tem,
228 3367 294 3418 quos
311 3366 359 3418 pro
376 3367 428 3403 uno
444 3350 523 3404 habet
550 3352 680 3418 mythogr.
697 3384 733 3396 -
768 3352 911 3424 Ἰασονίόής
934 3352 1033 3423 Eirene
1055 3356 1086 3407 ll.
1106 3361 1137 3419 i,
1159 3357 1223 3407 468.
1240 3380 1270 3393 -·

74 3432 82 3451 ·“
143 3421 230 3476 Seirai.
248 3424 281 3474 ad
299 3424 367 3474 Stat.
386 3421 437 3473 Th.
454 3428 487 3487 5,
505 3426 540 3473 29
569 3442 596 3492 p.
615 3427 667 3476 164
686 3427 799 3479 Oeneum
826 3435 916 3490 vocat,
942 3428 988 3478 sed
1013 3428 1065 3491 leg.
1088 3427 1230 3489 Euneum,
1245 3426 1271 3473 ut

142 3500 214 3545 recte
231 3495 325 3560 legitur
342 3500 369 3545 et
387 3494 530 3561 explicatur
547 3496 579 3545 ad
597 3494 646 3546 Th.
665 3501 697 3559 6,
713 3501 767 3548 340
786 3517 812 3566 p.
829 3503 883 3550 412
903 3505 929 3550 et
948 3498 979 3548 nd
998 3502 1030 3560 4,
1050 3501 1102 3548 771
1124 3514 1152 3564 p.
1168 3501 1269 3549 158·-

141 3563 370 3632 25-Phetaneue.)
405 3563 507 3616 Nomen
522 3565 624 3618 aliunde
642 3567 765 3632 ignotum.
802 3571 924 3621 Fortasse
947 3569 1120 3637 Phytoueus,
1145 3575 1284 3636 tamquam,

141 3635 287 3704 gernerundi
303 3636 344 3686 uie
360 3651 438 3703 fluam
465 3635 583 3688 Bacchus
606 3646 788 3704 repraesentat.
806 3669 842 3679 -
869 3639 1023 3706 Thyoneus)
1051 3638 1189 3689 Tluoneue
1213 3636 1270 3704 Moji

118 3707 201 3759 ‘eorl
238 3708 375 3758 Caeterum
397 3706 466 3758 haee
493 3707 526 3758 ad
552 3708 658 3759 sethum
680 3710 735 3762 lere
758 3718 903 3777 congruunt
933 3726 990 3762 erun
1014 3712 1119 3760 Acrone
1150 3710 1187 3761 ad
1212 3709 1270 3760 Hor.

141 3778 173 3829 0.
190 3780 297 3842 ,1‚·1t‚
315 3781 358 3831 24.
395 3778 519 3829 Fabulam
545 3779 669 3842 quandam
696 3781 729 3832 de
748 3780 796 3833 hoc
823 3782 949 3846 Thyoneo
971 3779 1067 3831 Bacchi
1092 3780 1148 3832 lilio
1173 3782 1272 3847 glossae

95 3882 100 3890 ·
141 3849 295 3900 narrantnd
313 3849 389 3900 Ovid.
408 3850 473 3901 Met.
491 3855 524 3913 t,
542 3855 652 3917 359·ap.
670 3852 782 3917 Regium
802 3861 828 3904 et
846 3850 1029 3906 Burmannum.
1066 3851 1128 3919 ipse
1158 3851 1272 3903 Bacehru

41 3935 58 3950 ·
142 3927 183 3970 est
203 3919 345 3989 Thyoneus
359 3922 402 3985 (ut
420 3937 461 3988 ap.
480 3920 545 3974 Hor.
558 3921 595 3981 ,0.
619 3927 639 3984 Ι,
658 3926 700 3986 17,
717 3927 770 3987 24,
789 3925 864 3975 Ouid.
885 3925 950 3977 olet.
969 3927 1003 3986 4,
1022 3925 1070 3985 13,
1091 3924 1161 3975 Stat.
1181 3922 1231 3985 Th.
1249 3927 1271 3984 6,

104 3996 105 4001 ’
141 3989 208 4056 265)
227 3996 342 4043 amatre
363 3992 470 4059 thyone
492 3992 508 4042 i.
539 3988 562 4045 e.
587 3993 689 4044 Semele
715 3995 787 4058 (Aer.
813 3994 908 4062 Porph,
933 4000 960 4046 et
984 3991 1037 4047 soh.
1056 3993 1138 4058 Crnq.
1158 3993 1192 4046 ad
1209 3994 1271 4045 Hor.

141 4063 158 4111 Ι.
178 4062 195 4110 Ι.
212 4059 291 4114 schol.
310 4063 342 4113 ad
361 4064 401 4114 st.
420 4063 470 4129 hl.
490 4069 517 4113 et
534 4063 634 4130 acl-Ap.
650 4064 701 4114 Rh.
721 4069 745 4130 l,
761 4069 835 4128 636.)
851 4067 942 4130 dictus,
960 4058 988 4116 nt
1006 4062 1127 4116 Bacchae
1145 4064 1272 4133 Thyades

142 4133 231 4198 (Serv.
249 4132 281 4184 ad
305 4138 354 4186 Ae·
377 4137 408 4197 4,
426 4133 493 4198 302)
519 4158 554 4167 -
570 4137 604 4184 27
625 4133 687 4201 suit
714 4136 876 4204 Hypniplu'Ie
901 4155 968 4208 quae
994 4138 1054 4186 Aer·
1081 4165 1119 4176 -
1144 4136 1271 4186 adversas

140 4202 211 4254 viror
235 4207 297 4257 Aer.
315 4232 351 4245 -
368 4207 404 4255 28
428 4212 566 4271 parentem
593 4207 655 4263 Aer,
671 4234 705 4244 —
733 4208 822 4277 quern)
852 4224 889 4277 sc.
914 4205 1069 4267 Thoantem
1104 4222 1171 4274 ergo
1196 4222 1270 4258 aarum
1307 4224 1312 4263 ς

1301 3143 1311 3160 *v
