2616 4658
207 152 210 194 ³
268 157 451 267 ugnas.
480 158 551 235 ιιι.
606 157 668 235 ιι.
695 242 697 247 ,
723 158 942 237 rr-ra..
966 162 968 171 ⁴
996 249 997 252 Ν
1080 100 1184 238 ata'
1207 144 1223 273 '.'

21 342 173 412 ciliorum
209 343 407 496 apparuerit,
434 333 609 411 '‘ardorem'
639 332 783 409 bellicum
818 342 1016 430 significare·
1034 355 1163 433 putetur

18 431 197 497 oriturum.
270 430 302 494 in
322 430 469 517 luppiter
493 428 542 495 vel
562 429 669 498 Venus
691 437 802 494 coorta
821 430 937 512 fuerit,
967 431 1066 519 ipsius
1096 432 1162 507 rio-

17 515 158 584 lentiam
177 513 358 601 mitigare,⁸
369 516 583 602 effectumque
604 512 764 578 annullare
783 513 935 582 creditur.
1065 572 1068 577 .

115 602 167 667 11.
209 598 380 667 Romulum
396 610 433 665 et'
445 600 583 666 Remum
615 598 663 663 'us
677 598 758 699 fingi
771 597 854 667 filios
868 607 1001 678 constat,
1022 598 1095 686 quia
1107 598 1164 664 viri

23 687 162 752 suerunt
188 684 336 773 bellicosi.
384 684 469 750 Nam
499 622 683 779 qpodehrpa
704 683 854 751 ducuntur
880 687 947 766 alti,
984 684 1188 751 t'abulosirmo

25 773 220 877 figmentum
241 782 290 837 est
310 767 353 836 ad
372 769 536 835 celandam
560 767 849 838 avorumllomaui
870 770 997 858 generis
1027 771 1163 859 turpitu-

27 855 145 923 dinem.
188 855 261 921 Nec
282 856 460 942 incongrue
480 855 697 942 excogitatum
717 865 775 939 est
822 854 906 921 Nam
927 869 960 924 et
980 857 1164 922 meretrices

27 944 70 1008 ab
97 941 320 1008 obscoenitatis
348 951 382 1007 et
408 939 517 1005 odoris
553 963 593 1007 ac
627 939 810 1027 rapacitatis
838 939 1039 1008 similitudine
1059 940 1179 1026 lupae„

28 1034 198 1107 vocamus3
230 1026 373 1092 undeet
395 1025 433 1089 ln
459 1026 586 1090 artorio
606 1023 749 1090 dicimus.
800 1026 937 1093 Constat
963 1026 1026 1090 hoc
1050 1024 1165 1090 animal

28 1113 127 1180 etiarn
148 1132 219 1178 esse
241 1111 274 1175 iu
293 1111 392 1178 tutela
411 1048 543 1188 thatim
570 1109 677 1198 picum
707 1110 801 1178 Marti
824 1111 1024 1188 consecrari,
1054 1110 1107 1198 qui
1129 1123 1163 1177 et
1172 1127 1207 1178 to

27 1197 107 1287 ipsis
128 1196 277 1284 expositis
310 1195 456 1262 alimenta
475 1194 584 1262 tulisse
603 1196 720 1274 t'ertur,
758 1197 833 1284 qnia
848 1196 943 1262 haec
970 1195 1033 1262 avis
1059 1196 1165 1260 rostri

29 1282 177 1349 acumine
210 1281 294 1346 velut
327 1281 459 1346 lanceae
496 1278 629 1367 cuspide
664 1281 773 1366 lingna
806 1282 976 1348 durissima
1011 1289 1164 1368 penetret.
1281 1302 1284 1307 ’

15 1368 88 1434 ¹Illa
108 1368 191 1432 enirn
220 1364 278 1431 de·
290 1365 370 1431 Pico
403 1386 485 1452 rege
517 1363 626 1432 fabula
650 1366 725 1430 nihil
759 1363 801 1431 ad
832 1365 916 1432 hanc
945 1388 1022 1432 rem.
1073 1364 1164 1431 lllum

15 1450 184 1541 'namque
216 1461 252 1517 nt
272 1452 337 1518 vult
359 1452 506 1525 Servius,
539 1448 656 1518 amavit
675 1450 838 1530 Pomona,
871 1451 906 1518 id
927 1463 977 1518 est
996 1458 1163 1539 pomorum

27 1536 112 1618 dea,
140 1537 271 1625 ejusque
307 1548 356 1602 est
384 1535 519 1603 sortitio¹
540 1535 742 1624 conjugium
772 1536 859 1625 quod
891 1544 1012 1604 tamen
1029 1533 1162 1601 Ovidius
1171 1554 1206 1607 1⁵
1252 1543 1255 1548 ’

25 1623 61 1688 in
83 1634 197 1711 quarto
219 1620 343 1688 decimo
365 1621 665 1710 Metamorphoseon
696 1619 738 1686 de
766 1621 916 1711 Nympha
941 1620 1068 1687 nomine
1097 1622 1163 1687 Ca-

21 1719 126 1774 nente
147 1707 317 1772 fabulatur.
356 1706 442 1772 Nam
462 1706 554 1771 aliam
576 1706 674 1770 fuisse
696 1707 890 1786 Pomonam,
925 1709 1165 1794 Vertumnoque

25 1794 176 1881 nupsisse
195 1791 303 1857 refert.
353 1791 476 1857 Postea
498 1791 595 1856 Circe
626 1810 723 1876 quum
751 1788 887 1857 eundem
908 1791 1021 1857 Picum
1043 1801 1166 1857 amaret

27 1890 65 1944 et
85 1887 306 1965 sperneretur,
335 1873 418 1940 irata
438 1895 514 1939 eum
532 1875 675 1956 inlarem
696 1873 845 1941 Martiam
872 1877 1036 1940 convertit.
1078 1875 1163 1940 Nam

24 1963 130 2028 altera
152 1971 201 2026 est
222 1961 302 2046 pica.
342 1959 419 2024 Hoc
439 1969 546 2024 autem
567 1955 641 2022 ideo
662 1958 812 2044 fingitur,
841 1960 916 2047 quia
935 1960 1034 2025 Picus
1056 1977 1207 2045 auguret

22 2047 107 2124 fuit,
141 2044 260 2109 habens
283 2041 388 2130 picum
409 2066 517 2121 arem,
549 2064 722 2131 perquam
744 2043 852 2110 sutura
880 2047 1052 2120 noscebat,
1080 2046 1164 2110 sicut

49 2129 226 2196 ontihcales
247 2129 387 2194 indicant
417 2128 505 2210 libri;
542 2126 630 2194 unde
660 2137 694 2193 ot
720 2129 832 2195 lituum
857 2139 982 2197 statuae
1010 2131 1078 2219 ejus
1109 2128 1166 2195 dat

19 2158 86 2285 bn
114 2215 192 2292 ilius.
234 2215 295 2281 Est
309 2225 416 2281 autem
430 2212 526 2283 lituus
539 2214 688 2280 incurvus
703 2236 865 2302 augurum
878 2214 1020 2295 baculus,
1042 2236 1106 2301 quo
1121 2214 1166 2279 ad
1179 2225 1187 2233 “

22 2238 112 2370 cnei
124 2299 227 2389 spatia
247 2298 457 2386 designanda,
478 2322 519 2365 eo
540 2297 627 2387 quod
648 2321 750 2366 mauu.
762 2322 825 2365 non
844 2300 964 2382 liceret,
985 2301 1165 2367 utebantur.

19 2391 148 2457 Certus
166 2385 301 2452 enimin
324 2383 413 2450 caelo
435 2394 548 2451 metas
577 2386 747 2464 notabant,
776 2385 860 2452 intra
887 2409 967 2473 quas
996 2384 1208 2451 volantiumte
1280 2417 1294 2442 κ

17 2474 134 2540 avium
145 2471 250 2561 omina
265 2468 512 2554 considerarent.
557 2469 684 2547 Circen,
705 2492 799 2557 quarn
819 2473 991 2537 veneficam
1004 2471 1104 2537 luisse
1117 2471 1166 2534 iu-

20 2557 168 2638 dncuut,
189 2557 231 2623 ab
252 2566 297 2621 eo'
321 2564 513 2622 contentam
535 2575 626 2633 reor,
659 2555 733 2643 quia
752 2557 910 2624 veneficiis
930 2555 1179 2622 renuntiaverit
1276 2563 1280 2569 ’

59 2654 72 2728 ,’
113 2642 164 2708 12.
208 2643 276 2706 Res
297 2640 367 2728 ipsa
379 2640 549 2791 postulare
572 2638 713 2720 videtur,
747 2641 895 2728 quoniam
916 2641 958 2706 de
986 2641 1164 2728 auguribus
1203 2703 1208 2714 ,

17 2734 155 2813 ternpus
177 2725 359 2805 admonuit,
402 2748 421 2791 e
441 2724 668 2815 superstitiosis
690 2748 850 2812 augurum
872 2728 1014 2814 ineptiis,
1037 2727 1111 2815 qnia
1130 2727 1163 2792 in

19 2812 78 2879 iris
101 2816 218 2897 politae
237 2833 474 2900 nonnumquam
494 2822 677 2888 versentur,
705 2812 773 2889 hic,
801 2834 842 2877 ue
859 2835 1015 2898 ¹usquam,
1046 2811 1207 2898 aliquidue
1278 2863 1282 2879 .

10 2896 189 2978 cernam
218 2909 252 2964 et
278 2898 352 2985 quia
374 2918 436 2961 nec
458 2919 569 2963 omnes
593 2896 697 2961 omnia
719 2909 852 2976 norunt,
883 2908 916 2963 et
936 2899 998 2963 hoc
1019 2896 1179 2978 rudibus„

24 2980 61 3048 id
86 2991 136 3047 est
155 2978 253 3047 nostii
286 2979 458 3060 similibus,
493 2981 680 3068 opusculum
712 2983 855 3070 cupimus
884 2982 975 3049 altius
1002 2982 1164 3048 inchoare.

24 3065 141 3153 Magia
161 3066 260 3154 igitur
279 3065 490 3153 generaliter,
527 3076 565 3131 ut
586 3065 689 3155 ajunt,
726 3078 876 3155 accepta,
910 3069 1050 3169 quinque
1077 3089 1164 3133 com-

26 3151 340 3240 plectiturspeeies:
370 3149 561 3302 praestigia,
582 3151 761 3238 sortilegia,
798 3152 967 3234 maleficia,
1004 3153 1164 3219 manticen

10 3248 62 3321 ¹et
81 3237 312 3302 matematicam
334 3259 455 3302 ranam.
528 3238 678 3324 raestigia
699 3248 789 3318 sunt,
812 3260 949 3324 quornm
966 3237 1207 3327 phantasticam

14 3320 174 3389 illusione
194 3318 337 3409 deceptis
357 3321 500 3388 sensibus
521 3321 683 3397 humanis,
717 3323 917 3403 incredibiles
935 3346 1041 3389 rerum
1062 3335 1166 3388 muta-

25 3407 135 3474 tiones.
153 3414 223 3471 arte
243 3403 450 3472 daemoniaco
477 3404 576 3472 rideri
606 3406 761 3474 ridentur.
813 3407 908 3473 Unde
937 3409 1009 3496 quia
1041 3430 1094 3473 res
1120 3408 1166 3472 ita

23 3491 232 3582 phantastice
251 3491 432 3571 immutant,
460 3492 725 3581 praestigiatores
754 3493 959 3580 appellantur.
1008 3491 1167 3558 Malefioia

23 3574 163 3646 malefici
201 3585 369 3656 exercent,
408 3573 462 3664 qui
491 3598 551 3663 per
574 3577 805 3644 incantationes
846 3576 1068 3643 daemoniacas
1100 3576 1166 3642 sive

22 3662 214 3749 ligationes,
236 3660 284 3727 vel
303 3659 363 3729 alia
384 3659 563 3750 hujusmodi
584 3662 743 3750 sacrilegii
764 3684 907 3748 genera,
938 3685 998 3729 ooo
1023 3661 1208 3731 erationelo

24 3748 218 3813 daemonum
243 3757 276 3814 at
297 3767 339 3812 ne
369 3745 520 3813 instinctu
553 3745 693 3815 nefanda
722 3747 938 3833 committenti
1013 3738 1166 3835 ortilegiis

22 3830 171 3920 sortilegi
189 3768 375 3912 intendunt,
412 3832 465 3934 poi
496 3852 555 3918 per
582 3843 686 3900 sortes
720 3832 860 3899 divinare
902 3846 1001 3901 neunt
1030 3834 1078 3899 vel
1098 3844 1192 3905 stu„

23 3915 114 3982 dent
154 3916 297 3984 Mantice
315 3917 348 3984 iu
374 3936 515 4004 quinque
541 3929 659 4004 partes
682 3917 838 3984 dividitur.
923 3920 1001 3984 rirna
1034 3932 1084 3984 est
1110 3940 1166 3984 ue-

21 4001 221 4083 cromantia,
258 4024 364 4091 quae,
407 4012 443 4068 nt
471 4001 623 4088 legimus,
660 4003 888 4092 interpretatur
920 4004 1108 4070 divinatio·
1127 4005 1164 4068 in
1195 4000 1199 4012 '

18 4086 192 4168 mortuis3
209 4084 324 4175 νεκρὸς
344 4085 428 4151 enirn
450 4088 579 4152 Graece
597 4100 773 4167 mortuus,
810 4083 960 4174 μαντικὴ
990 4088 1207 4157 divinatines

19 4169 153 4240 dicitnr.
210 4172 454 4261 Hocnanqne
479 4169 680 4242 divinationis
712 4196 815 4263 genua
830 4239 833 4243 ,
848 4194 907 4260 per
935 4173 1061 4240 humani
1091 4194 1164 4239 san-
