2632 4658
117 103 173 182 aa
407 69 597 206 asyam
621 100 656 175 1.
710 95 964 189 mama.

163 309 239 356 cora
261 294 463 377 panormam,
484 304 540 353 em
561 281 656 357 misit
697 286 761 355 cor
783 300 882 435 paam
900 283 987 349 Juno
1003 294 1142 371 regnum
1155 286 1277 362 Asiae,x

156 377 262 440 inorsa
283 372 424 441 omnium
444 373 559 441 artium
578 371 761 455 scientiam,
813 392 892 436 enus
913 387 1148 458 quamcumque
1169 372 1258 440 vellet

121 460 300 540 mulierem,
322 460 558 546 promittereut;
584 459 743 526 Venerem
766 456 821 524 illo
840 452 922 520 malo
944 453 1171 540 dignissimam
1185 480 1259 552 pro·

121 546 282 611 nuntiavit
338 543 412 617 Quo
446 543 548 620 facto,
583 543 669 610 Juno
698 553 733 610 et
761 543 903 609 Minerva
931 539 1080 628 'Projanis
1109 540 1268 613 dicuutur·

97 631 232 710 sirene,
254 641 382 717 spretae
401 628 514 720 injuria
536 627 666 697 formae.
1229 645 1235 667 ¹

486 811 583 887 aon.
621 768 894 903 'Acharna
984 747 991 755 ’

206 940 355 1019 Achilles,
376 932 524 1007 Thetidis
544 951 576 1008 et
596 939 684 1008 Pelei
704 937 802 1019 lilius,
824 961 897 1004 oum
922 936 1153 1029 quinquaginta
1174 925 1256 1005 navi·

123 1027 184 1093 bus
204 1027 246 1092 de
260 1026 390 1093 Larissa
412 1026 538 1092 civitate
549 1025 779 1113 Agamemnoni
800 1024 1009 1104 etMenelao‚·
1022 1024 1149 1099 Atridis,
1170 1026 1256 1090 auxi-

123 1112 197 1178 lium
224 1112 375 1179 adrersus
402 1110 561 1197 'Projanos
591 1111 670 1177 tulit.
711 1109 757 1176 Et
785 1106 861 1173 dum
887 1110 1009 1198 'frojae
1035 1107 1256 1198 per'iudueias

81 1200 341 1285 1⁰Agamemnon
362 1217 435 1263 cum
457 1196 599 1262 exercitu
619 1219 678 1263 suo
700 1193 795 1261 armis
816 1193 887 1258 loca
910 1195 1096 1274 obsederat,
1116 1195 1257 1262 'Achilles

90 1338 96 1349 ,
122 1283 270 1348 finitimas
306 1284 405 1348 urbes
440 1303 514 1346 cum
546 1281 610 1347 suis
644 1279 895 1370 Myrmidonibus
929 1280 1137 1368 expugnarit,
1178 1280 1258 1347 iuter

125 1391 206 1455 quas
227 1368 360 1434 Thebas
381 1377 416 1433 et
434 1365 631 1468 Lyrnesum,
666 1378 700 1433 et
727 1364 954 1453 pulcherrimas
981 1364 1061 1432 duas
1081 1365 1259 1432 Briseidem

122 1465 156 1520 et
182 1452 391 1542 Chryseidam
422 1449 565 1542 adyuuxit
592 1451 660 1517 sibi.
702 1449 830 1516 Interea
855 1451 1037 1550 pestilentia
1056 1453 1259 1518 Graecorum

123 1538 298 1604 exercitum
328 1536 468 1614 invasit;.
485 1546 520 1603 et
546 1533 672 1602 monitis
698 1534 881 1603 Calchantis
904 1539 1124 1622 Agamemnon
1146 1537 1260 1617 dctus,

83 1618 337 1712 laOhryse‘id'em
401 1620 460 1686 atri
504 1620 667 1710 Chrysae,
711 1618 870 1685 sacerdoti
901 1621 1067 1708 Apollinis,
1107 1619 1260 1701 reddidit,

123 1705 251 1786 diceus,
281 1644 456 1773 Achillem
485 1705 524 1768 id
545 1705 668 1790 jacere
692 1701 822 1769 dehere.
844 1706 912 1795 ¹..Ac
941 1717 1073 1795 propter
1093 1704 1160 1773 hoe
1179 1708 1259 1775 iuter

124 1816 179 1858 eos
211 1814 312 1879 usque
339 1787 381 1856 ad
409 1788 541 1855 caedem
569 1801 708 1856 mutuam
729 1800 864 1895 uterque
879 1791 996 1858 exarsit
1016 1792 1194 1874 exercitus,
1225 1804 1259 1861 ut

124 1879 173 1943 vix
195 1878 337 1942 Minerva
359 1897 470 1941 eorum
491 1874 725 1943 contentionem
746 1874 883 1942 sedaret
924 1877 1008 1942 Post
1036 1876 1101 1945 hoc
1117 1878 1258 1946 ‘Achilles

124 1962 273 2052 Trojanis
309 1959 445 2039 ¹feliciter
486 1961 702 2049 pugnantibus
744 1959 923 2049 aliquandiu
959 1984 1022 2027 non
1063 1965 1260 2051 repugnavit.

82 2046 176 2114 aoAd
198 2060 373 2129 extremum
394 2068 471 2113 vero
496 2069 594 2148 quom
618 2047 762 2133 Hector,
793 2046 880 2123 victis
902 2047 1057 2126 Graecis,
1088 2069 1186 2117 nares
1207 2073 1261 2117 eo-

122 2156 194 2199 rum
214 2131 433 2213 incenderet,¹
450 2141 484 2197 et
504 2154 537 2197 m
555 2130 632 2220 ipsis
654 2132 765 2197 castris
787 2141 962 2218 pugnaret,
989 2132 1179 2217 Patroclus,
1212 2156 1277 2201 ar-·

122 2219 228 2304 miger
254 2212 398 2295 Achillis,
435 2237 508 2281 eum
542 2217 636 2283 armis
669 2215 736 2367 ep'us
764 2215 943 2303 procedens
968 2216 1011 2283 ad
1030 2241 1192 2320 pugnam,
1221 2224 1260 2287 ab

122 2304 270 2371 Hectore
292 2302 417 2368 occisus
439 2311 506 2380 est,
528 2302 623 2368 armis
646 2301 765 2367 abatis.
803 2301 877 2376 Quo
899 2300 1010 2368 dolore
1029 2303 1081 2369 ulle
1100 2306 1260 2387 incitatus,

87 2397 93 2411 ²
125 2412 222 2476 quum
246 2387 337 2454 vellet
357 2407 523 2475 pugnare,
545 2398 579 2454 et
599 2408 687 2453 arma
711 2407 773 2450 nou
795 2386 944 2467 haberet,
966 2402 1103 2456 amatre
1120 2391 1261 2461 Thetide

83 2474 258 2541 auh'ulcani
277 2494 366 2541 arma
385 2473 520 2559 accepit.
549 2473 673 2547 Quibus
693 2470 822 2538 indutus
844 2495 941 2560 quum
963 2495 999 2538 se
1019 2497 1152 2576 pugnae
1170 2480 1261 2547 resti.

125 2560 254 2632 luisset,
283 2569 316 2626 et
346 2556 500 2644 plurimos¹
529 2553 691 2646 'l'rojanos
712 2555 899 2637 occidisset,
931 2581 1004 2624 cum
1025 2583 1095 2647 rpso
1117 2564 1263 2642 Hectore

125 2644 279 2730 singulari
305 2642 480 2709 certamine
509 2664 703 2731 congressus
725 2652 783 2708 est.
827 2644 931 2717 Quem
958 2644 1100 2721 nochum
1120 2649 1263 2737 spoliavit

86 2737 91 2763 ⁴
125 2731 237 2811 armis,
271 2725 403 2816 ejusque
436 2748 553 2815 eorpus
577 2728 688 2793 ‘currui
721 2726 924 2815 subligatum,
943 2729 1263 2815 circumferrisecin

125 2813 214 2902 quod
243 2814 392 2879 Priamus
429 2833 508 2880 auro
549 2822 788 2904 compensatum
823 2811 865 2880 ad
904 2814 1098 2887 humandum
1127 2818 1263 2889 redemit

84 2899 254 2974 aninermis
280 2916 442 2985 egressus.

506 3067 600 3145 aro.
654 3020 883 3147 storias.

210 3198 360 3279 Troilus,
391 3197 512 3265 Priami
540 3209 574 3265 et
604 3197 763 3269 Hecubae
791 3200 889 3281 filius,
922 3220 1018 3288 quum
1050 3222 1149 3289 equos
1174 3212 1263 3271 entra

84 3309 86 3313 ·
126 3306 234 3351 muros
264 3295 448 3365 exerceret,
476 3287 517 3349 ab
548 3282 665 3349 Achille
694 3306 753 3371 per
779 3284 907 3353 insidias
929 3285 1125 3368 vulneratur,
1157 3289 1263 3354 exani-

125 3371 254 3459 misque
269 3371 302 3436 in
323 3371 436 3436 urbem
461 3368 549 3454 equis
573 3366 727 3454 religatus
750 3371 897 3438 refertur.
941 3371 1003 3437 Cui
1034 3368 1154 3439 dietum
1184 3384 1264 3455 erat,

85 3456 225 3544 acquod,
246 3457 273 3525 si
293 3455 336 3523 ad
355 3476 455 3523 annos
468 3453 532 3522 XX
551 3452 764 3542 pervenisset,
794 3456 897 3546 'l'roja
910 3456 1008 3524 everti
1021 3473 1086 3523 non·
1097 3458 1264 3548 potuisset,

125 3650 217 3727 211.
270 3652 486 3729 Victoria
522 3640 746 3728 Hectoris
776 3662 819 3729 et
850 3655 958 3758 fuga
991 3653 1258 3731 Palamedis.
1297 3652 1300 3659 ’

114 3776 122 3801 ’
210 3778 344 3845 Achilles
373 3777 473 3846 noluit
501 3801 690 3881 expugnare
715 3781 866 3869 Troiam,
892 3781 966 3870 quia
995 3794 1165 3870 corruptus
1182 3794 1262 3851 erat

126 3886 146 3929 a
166 3864 295 3930 Priamo
317 3884 417 3949 rege,
448 3876 651 3951 promittente
679 3864 709 3931 ei
737 3867 832 3934 liliam
855 3888 943 3933 suam
965 3867 1160 3957 Polyxenam
1182 3867 1280 3935 dara-

125 3950 157 4014 in
185 3947 377 4038 conjugium.
429 3949 498 4015 Alio
531 3948 584 4014 die
611 3950 696 4016 venit
716 3950 913 4029 Diomedes,
952 3951 1033 4020 lilius
1067 3953 1194 4043 Tydei,
1227 3965 1261 4020 et

84 4057 162 4109 soro
190 4036 251 4101 avit
276 4056 367 4112 eum,
389 4033 475 4100 ut-in
498 4036 598 4100 aciem
620 4032 776 4105 trah‘siret
818 4037 952 4103 Achilles
978 4050 1083 4107 autem
1109 4040 1260 4127 negabat.

125 4056 314 4187 Palamedes
337 4141 413 4186 vero
435 4120 561 4205 rogarit
585 4142 676 4200 enm,
708 4133 744 4187 ut
772 4142 901 4189 currum
930 4133 1027 4212 atque
1054 4147 1154 4214 equos
1182 4147 1259 4193 suos
