2632 4658
113 130 267 271 ⁸ssu
314 122 679 277 >Rhymmus
734 93 1088 228 raa-ras·
1163 114 1166 123 ’

135 326 240 419 'quum
261 326 310 399 soi
329 339 380 398 est
398 308 545 432 in'parte
574 326 655 396 iliius
684 328 786 417 signi,
818 330 943 421 pungit
965 329 1089 422 higmg
1116 354 1192 402 nam
1213 320 1275 424 pri·

127 441 229 485 mum
250 417 353 505 frigus
374 437 479 503 magis
514 415 660 483 nocivum
684 428 741 483 est
1062 454 1068 461 ·
1207 486 1210 492 ,

149 556 153 565 .
226 503 259 569 9.
278 536 281 545 ’
303 501 445 582 Chiron,
481 500 620 588 optimus
650 500 851 589 sagittarius,
891 502 1047 591 magister
1081 503 1211 575 Achiiiis
1245 516 1275 574 et

142 588 279 672 nutritor
299 584 495 674 Aesculapii,
516 585 559 671 oh
580 587 774 674 scorpionis,
807 586 850 652 de
867 611 938 676 quo,
955 589 1077 658 dictum
1097 604 1148 659 est
1168 614 1273 681 supra,

118 673 380 761 asagittationem
401 683 435 739 et
449 670 502 736 fiiii
523 668 574 737 sui
590 669 812 747 liberationem
833 673 1005 742 translatus
1020 675 1112 742 estin
1134 677 1273 756 caelum

57 768 64 779 “
143 771 177 826 et
189 782 229 826 ex
240 774 280 824 eo
293 758 412 824 factum
424 768 472 824 est
482 755 620 843 siguum,
632 757 723 844 qnod.
732 757 848 823 dicitur
864 746 1071 862 Sagittarius.
1092 762 1273 830 Soidicitur
1297 834 1305 847 s

116 908 120 919 ,
144 845 270 912 esseio
292 845 317 911 S
363 842 480 923 ittario,
498 841 575 930 quia
596 842 677 910 sicut
700 864 740 908 ex
761 863 840 913 arcu
860 855 1045 913 emittuntur
1057 849 1211 934 sagittae,
1230 849 1272 915 sie

120 973 123 995 .
144 952 241 1019 quum
263 928 310 997 soi
354 926 472 995 ecurrit
491 947 551 1014 per
562 925 648 995 istud
669 926 694 996 si
721 949 806 1008 rrum,
826 928 914 997 nives
936 931 1122 999 emittuntur
1135 922 1177 999 ai)
1192 940 1270 1000 aare,

84 1074 91 1089 ,
230 1017 280 1082 10.
322 1014 500 1088 Saturnus,
529 1010 611 1078 filius
633 950 741 1093 caah,
773 1014 884 1085 hahuit
903 1015 937 1083 in
958 1018 1119 1105 responsis
1145 1019 1271 1086 a'I'he·

102 1099 246 1183 tumide,
268 1168 272 1173 ,
292 1101 356 1165 uod
376 1098 542 1171 habiturus
564 1108 651 1165 esset
671 1097 786 1178 fitium,
808 1098 912 1187 ipsum
931 1098 974 1167 de
994 1120 1098 1205 regno
1126 1105 1271 1193 expulsu.

142 1209 223 1253 rum.
268 1124 364 1254 hade
385 1183 461 1251 dixit
482 1183 599 1249 Rheae
619 1184 685 1250 siue
706 1182 771 1271 Opi
795 1185 900 1251 sorori
918 1196 952 1254 et
966 1208 1057 1253 uxon
1077 1192 1169 1266 snae,
1189 1189 1270 1277 quod

112 1338 115 1345 ,
143 1269 294 1362 quioquid
316 1280 462 1358 pareret,
491 1268 551 1337 sihi
570 1266 693 1336 daret·
715 1268 826 1336 Primo
848 1291 931 1358 ergo
951 1271 1083 1341 tradidit
1101 1273 1132 1340 ei
1150 1273 1271 1377 Neptu·

96 1389 103 1409 ·
144 1380 239 1437 num,
263 1379 366 1445 ·quem
386 1355 418 1421 in
438 1376 528 1421 mure
546 1353 717 1422 submersit
725 1398 740 1434 ,-
766 1366 800 1422 et
821 1354 925 1424 factus
946 1368 998 1425 est
1024 1356 1105 1426 deos
1127 1381 1271 1428 mannus.

87 1472 95 1483 ·
146 1440 299 1510 Secundo
321 1440 411 1508 dedit
433 1440 462 1505 ei
484 1439 673 1520 Plutonem,
703 1461 798 1556 ‹puem
821 1440 853 1509 in
877 1441 1002 1509 foveam
1023 1445 1212 1527 suffocarit,
1245 1458 1272 1512 et

103 1531 251 1596 assactus
278 1538 328 1596 est
354 1524 435 1593 deus
462 1523 646 1591 inferorum.
695 1524 845 1592 'landem
872 1536 948 1597 nato
973 1529 1056 1595 Jove
1082 1530 1186 1599 mirae
1205 1530 1272 1618 'pud-

146 1611 350 1691 chritudiuis,
381 1611 481 1699 ipsius
511 1609 660 1691 miserta,
696 1609 780 1677 misit
807 1611 948 1685 Saturno
977 1612 1115 1681 laidem
1153 1616 1272 1683 nomiae

144 1699 281 1778 ahidir,
317 1719 413 1788 quem
445 1692 644 1783 pudueratum
684 1693 877 1767 devorarit..
909 1697 1037 1767 Deine
1072 1712 1209 1788 egestus
1241 1713 1273 1769 et

146 1786 302 1867 thrmatus
343 1794 394 1849 est
422 1781 455 1848 in
486 1780 627 1869 speciem
661 1778 833 1849 humanam
863 1793 897 1850 et
925 1783 1108 1853 vivificatus.
1151 1787 1274 1861 ,Jorem

145 1894 222 1939 vero
243 1879 346 1939 mater
366 1865 497 1935 tradidit
517 1866 647 1934 cuidam
666 1866 781 1954 lupae,
822 1863 1025 1957 quaequam
1049 1893 1113 1937 non
1135 1872 1274 1939 ahuuda·

103 1969 197 2024 noret
216 1955 333 2038 tacte,
372 1953 500 2021 nutriuit
537 1952 643 2042 ipsum
681 1951 853 2020 Amalthea
886 1975 1008 2042 capra..
1047 1957 1113 2033 Qui
1152 1956 1275 2027 adultus

147 2043 322 2117 Saturnum
353 2035 396 2107 de
429 2059 535 2126 regno
565 2034 707 2127 expulit,
748 2050 786 2106 ut
811 2039 845 2105 in
876 2038 937 2104 alia
988 2051 1054 2110 atet
1085 2042 1214 2124 sabula3
1247 2054 1276 2111 et

146 2127 344 2194 Amaltheam
381 2146 529 2214 capram,
576 2145 662 2211 quae
700 2123 805 2211 ipsum
851 2125 975 2192 nutrire
1013 2139 1044 2205 t,
1078 2127 1113 2197 iu
1135 2152 1137 2157 ’
1156 2128 1276 2197 caelum

7 2268 21 2281 ,,
147 2208 324 2292 transtulit,
348 2220 380 2277 et
401 2232 441 2276 ex
461 2231 502 2275 ea
523 2208 646 2275 tacnm
668 2220 718 2276 eet
737 2209 885 2295 signum,
918 2209 1006 2300 quod
1025 2212 1144 2281 dicitur
1165 2216 1277 2304 Capri-

147 2320 274 2368 cornus.
318 2295 376 2364 Sol
396 2293 513 2363 dicitur
547 2294 679 2361 esseio
706 2294 924 2382 Capricorno,
963 2296 1038 2400 spoia
1065 2299 1152 2368 sicut
1184 2322 1278 2389 capra

104 2402 140 2453 so
149 2385 229 2475 petit
248 2384 327 2463 atta,
347 2383 393 2450 ita
413 2379 461 2447 sol
483 2400 583 2531 puum
603 2390 654 2446 est
677 2381 710 2447 in
731 2380 836 2447 medio
859 2380 940 2449 iliius
961 2384 1064 2470 srgui,
1095 2406 1199 2474 quum
1219 2408 1279 2455 uou

146 2470 249 2562 possit
268 2470 338 2559 pius
362 2467 481 2535 descen
505 2488 578 2545 ere,
599 2476 677 2532 tunc
697 2466 806 2552 incipit
824 2466 1009 2536 ascendere.

234 2558 285 2623 11.
329 2549 553 2651 Ganymedes,
573 2549 654 2617 filius
669 2550 770 2616 'I'roiii
794 2552 880 2639 regis
898 2553 1020 2642 'I'rojae
1041 2552 1280 2641 pulcherrimus,

148 2655 182 2712 et
202 2651 334 2709 venator
359 2637 515 2728 optimus,
549 2634 684 2702 dilectus
712 2658 732 2703 a
758 2637 877 2719 Jove:
893 2650 1004 2727 raptus
1034 2650 1084 2707 est
1109 2641 1153 2707 ah
1183 2664 1224 2709 eo
1252 2644 1280 2708 iu

148 2727 209 2796 Ida
230 2728 307 2794 siha
327 2746 385 2816 per
407 2721 570 2821 aquilam,
582 2719 723 2788 nuntiam
743 2722 849 2801 Jovis,
879 2722 912 2788 in
933 2746 1030 2812 quam
1053 2724 1157 2793 fertur
1173 2728 1239 2817 Jup
1258 2728 1281 2793 i·

23 2842 26 2848 ·
103 2824 198 2880 auter
219 2822 297 2879 tunc
316 2819 467 2879 mutatus.
509 2804 637 2872 Demde
658 2802 792 2892 depuisa
814 2809 926 2889 Hebe,
956 2811 1020 2876 fitia
1037 2810 1195 2893 Juoonis,
1224 2750 1282 2881 der

140 2899 326 2988 juventutis,
342 2917 425 2983 quae
439 2891 525 2980 prius
548 2902 619 2959 erat
629 2891 781 2980 pincerna
793 2891 938 2973 deorum,
958 2896 1168 2985 Ganymedes
1182 2900 1281 2968 factus

100 2999 110 3009 '
147 2996 197 3052 est
218 2985 369 3072 pincerna
389 2978 494 3057 Jovis,
522 2977 577 3066 qui
609 2988 742 3065 propter
761 2981 907 3066 gratiam¹
920 2982 1147 3070 propinationis
1170 2984 1282 3052 meruit

146 3070 217 3141 fieri
238 3071 364 3156 signum
383 3065 541 3144 caeleste,
562 3061 649 3152 quod
669 3065 826 3152 Aquarius
844 3064 968 3135 dicitur.
1009 3067 1055 3134 ht
1073 3068 1194 3137 dicitur
1208 3070 1282 3139 'ideo
1306 3091 1316 3150 t

69 3234 71 3241 ,
146 3169 278 3245 gestare
302 3176 416 3223 urnam
449 3151 483 3216 iu
509 3171 605 3216 manu
632 3161 762 3237 propter
794 3150 945 3240 temporis
973 3154 1215 3241 proprietatem.

64 3310 73 3323 ,
105 3259 142 3310 ³5
235 3243 287 3309 12.
329 3237 519 3306 imminente
550 3235 715 3320 Giganteo
750 3234 849 3315 helio,
883 3238 994 3305 Venus
1021 3262 1097 3305 cum
1125 3241 1283 3331 Cupidine
1315 3273 1316 3278 ¹

34 3364 38 3371 1
149 3327 297 3395 filiosuo
325 3326 357 3391 iu
384 3320 566 3389 Palaestina
594 3321 730 3405 regione
761 3323 897 3390 sedehat
930 3346 1028 3411 super
1058 3325 1153 3392 litore
1181 3328 1282 3411 maris,
1310 3371 1316 3410 4

149 3412 247 3480 Unde
267 3433 365 3502 quum
384 3407 510 3475 audiret
529 3403 699 3474 tumultum
720 3406 811 3486 heiti,
840 3406 994 3477 credebat
1018 3408 1216 3501 'Pyphoeum
1238 3436 1282 3483 se·

38 3534 41 3539 ·
148 3502 204 3588 qui
222 3522 260 3566 se
278 3508 463 3587 rapturum3
499 3503 534 3558 et
565 3489 640 3556 ideo
670 3491 712 3557 oh
739 3491 870 3559 nimium
900 3494 1047 3562 timorem
1067 3519 1105 3564 se
1125 3520 1206 3569 cum
1225 3500 1283 3567 uto

144 3586 282 3677 projecit
302 3585 335 3651 in
356 3603 455 3650 mare.
505 3578 582 3645 Duo
603 3586 711 3644 autem
733 3579 836 3665 pisces
862 3579 1037 3647 immensae
1056 3584 1284 3670 magunum

104 3682 364 3761 rosuppouentes
385 3670 535 3735 humeros
563 3685 656 3740 suos,
697 3659 780 3749 nitra
817 3685 907 3731 mare
932 3665 1073 3736 tulerunt
1110 3691 1181 3738 eos.
1237 3670 1285 3739 Di

147 3770 254 3825 autem
276 3755 417 3822 videntes
438 3772 549 3817 eorum
571 3749 701 3835 sugam,
733 3748 776 3815 ad
798 3748 1054 3837 designationem
1083 3752 1183 3845 hujus
1202 3757 1285 3837 facti,

128 3847 129 3851 ’
149 3866 206 3909 eos
228 3842 332 3931 pisces
352 3840 384 3906 in
407 3835 529 3905 caelum
549 3834 793 3915 transtuleruut3
823 3848 856 3903 et
876 3858 915 3903 ex
933 3836 970 3903 iis
994 3837 1115 3905 sactum
1150 3854 1203 3910 est
1221 3844 1285 3931 sig-

147 3952 241 4007 num,
273 3925 362 4016 quod
389 3922 505 3991 dicitur
540 3920 661 3986 Pisces.
713 3920 771 3987 Sol
800 3918 916 3989 dicitur
941 3945 1013 3989 esse
1041 3924 1072 3989 in
1091 3927 1236 4015 Aquario
1258 3936 1316 3995 et*

147 4004 296 4081 Piscibus
316 4023 455 4100 propter·
478 4007 715 4096 proprietatem.
770 4006 867 4074 Tunc
899 4008 982 4073 enirn
1011 4009 1130 4081 multae
1167 4012 1284 4081 cadunt

46 4092 51 4107 '
105 4109 313 4187 asaquaeet
345 4099 440 4164 nives.
501 4093 587 4159 Nam
608 4090 770 4178 aquarius
803 4103 909 4182 portat
939 4115 1072 4178 urnam,
1114 4109 1150 4166 et
1185 4100 1285 4190 pisces

148 4206 276 4275 semper
293 4197 368 4253 sunt
387 4184 419 4249 iu
442 4179 544 4270 aquis.

487 4302 946 4330 «unt-*m*
972 4326 975 4337 ,
