2632 4658
132 98 210 243 rra
412 166 593 276 upum.
618 166 671 240 n.
726 164 802 245 rar
820 210 872 225 -
889 162 982 242 aas.

530 320 621 429 121.
674 352 867 432 Venus.

217 488 362 559 indicato
393 490 493 579 igitar
511 515 531 559 a
551 490 629 559 Sole
650 489 808 560 adulterio
827 490 940 559 Martis
959 499 995 559 et
1013 488 1175 571 Veneris,
1193 488 1268 557 Val-

134 598 233 644 canus
254 578 465 645 minutissimis
486 577 695 647 adamantinis
716 578 836 645 catenis
852 575 1002 645 lectulum
1016 575 1131 657 cinxit,
1151 574 1267 665 quibus

133 662 220 729 Mars
248 675 281 729 et
301 664 408 729 Venus
431 664 617 751 ignorantes
646 663 802 752 impliciti,
831 674 865 730 et
887 674 1076 730 cunctorum
1096 664 1158 729 sub
1179 663 1268 731 testi

109 750 240 817 smonio
262 747 394 814 deomm
415 771 489 814 cum
517 748 651 836 ingente
676 747 871 838 turpitudine
891 748 1020 815 resoluti
1043 759 1124 815 sunt
1169 747 1267 823 Quod

65 923 68 931 1
133 835 252 901 sactum
273 835 381 901 Venus
409 834 612 925 vehementer
639 830 766 915 dolens,
792 835 922 925 stirpem
942 832 1175 915 omnemsots
1194 855 1267 923 per-

133 920 225 1007 sequi
242 918 377 987 infandis
399 920 558 987 amoribus
580 922 693 1008 coepit
734 920 854 1007 Igitur,
880 943 919 988 ea
939 918 1268 1009 incendente„quum

133 1004 311 1093 Pasiphae,
333 1003 416 1071 Solis
438 1005 518 1084 lilia,
535 1000 653 1109 Minois
674 1006 761 1093 regis
783 1006 903 1108 Cretae
922 1028 1021 1087 uxor,
1051 1005 1135 1072 tauri
1157 1026 1268 1095 amore

91 1088 554 1279 ,Attlthtltltll
568 1103 806 1243 llltltltm
821 1092 1268 1258 ltlttrtttll-‘ltt

109 1300 112 1306 ·
133 1260 209 1327 unde
229 1261 428 1341 Minotauro,
447 1260 501 1349 qui
520 1260 602 1329 intra
621 1260 832 1350 labyrinthum
852 1262 1008 1343 inclusas,
1028 1260 1175 1331 h'umnnis
1197 1282 1268 1329 car-

134 1344 240 1427 nibus,
258 1346 455 1413 vescebatur.
506 1344 575 1412 ssu
612 1346 716 1413 Minos
753 1346 795 1412 de
825 1346 987 1438 Pasipha'd
1012 1346 1124 1419 hebuit
1149 1348 1267 1415 liberos
1308 1376 1310 1393 =

132 1429 261 1519 plures,
284 1428 508 1517 Androgeum,
535 1430 712 1515 Ariadnen,
741 1430 934 1502 Phaedram.
1216 1442 1225 1453 “

472 1640 567 1718 122.
619 1641 921 1745 Androgeus.

91 1782 128 1832 rs
218 1766 410 1857 Androgeus
437 1790 536 1921 guum
566 1769 683 1839 athleta
709 1770 898 1840 fortissimus
929 1779 1031 1849 esset,
1069 1766 1266 1859 caudasque

132 1852 166 1920 in
181 1856 451 1959 ‘agonibusuapn
494 1855 632 1923 Athenas
658 1868 840 1957 superaret,
879 1857 920 1924 eb
955 1854 1201 1957 Atheniensibus
1234 1865 1266 1920 et

96 1998 99 2005 .
132 1940 240 2007 ricrnn
271 1940 529 2029 Megarennbns,
563 1962 697 2027 quorum
726 1966 783 2010 rex
805 1942 902 2010 Nisus
930 1952 1018 2023 erat,
1048 1940 1264 2029 conjuratione

132 2027 175 2093 ab
201 2025 239 2092 iis
259 2024 291 2090 in
314 2048 386 2093 enm
409 2026 511 2107 lacta,
532 2025 650 2094 insidiis
672 2050 782 2097 eorum
805 2031 932 2096 occisus
952 2039 1011 2095 est.
1039 2024 1137 2102 Quod
1150 2026 1263 2104 Minos,

132 2121 225 2199 pater
251 2111 336 2200 ejns,
373 2111 503 2192 dolens,
540 2111 678 2179 collectis
714 2116 860 2194 navibns,
895 2112 977 2180 bella
1010 2112 1198 2179 commorit:
1233 2122 1263 2176 et

91 2194 223 2262 nnvictis
246 2197 487 2300 Atheniensibus
509 2219 643 2301 poenpm
663 2198 746 2266 hanc
774 2198 952 2278 constituit,
982 2210 1019 2266 ut
1041 2196 1177 2287 singulis
1198 2196 1263 2349 ‹gri-

132 2284 257 2431 ppsqne
284 2282 456 2385 annusOVll
476 2282 528 2347 ue
556 2281 645 2365 filus,
678 2285 794 2374 etVII
821 2285 865 2352 de
885 2285 1009 2353 filiabus
1036 2284 1102 2352 suis
1120 2280 1207 2349 eden
1229 2304 1262 2347 ns

166 2377 311 2435 rnotanro
340 2378 507 2436 mrnment
1197 2386 1200 2391 ·

521 2538 615 2617 125.
669 2541 873 2644 Scylla.

225 2671 325 2740 Victis
358 2681 464 2738 antem
493 2672 753 2747 Atheniensibus,
793 2693 890 2759 quum
919 2680 1030 2738 ccntm
1056 2668 1265 2758 Megarenses

92 2755 220 2823 nahella
240 2757 343 2822 Minos
365 2770 522 2838 moveret,
544 2759 618 2845 quia
641 2759 798 2824 lonnosus
820 2767 900 2837 erat,
920 2767 1043 2824 amatus
1058 2756 1264 2845 estnScylh,

132 2843 204 2910 Nisi
224 2842 463 2930 Megarensium
487 2843 575 2930 regis
595 2843 669 2909 lilia.
711 2845 805 2918 Quae
832 2854 868 2909 ut
898 2841 980 2909 hosti
1000 2851 1108 2929 posset
1128 2840 1264 2929 placere,

134 2946 260 2995 comam
280 2944 490 3017 pnrpuream,
510 2930 634 3018 parenti
656 2931 829 3009 abscisam,
852 2928 881 2993 ei
903 2927 1031 3007 obtulit3
1050 2925 1263 3015 quam-Nisus

133 3014 178 3080 ita
198 3014 353 3082 habuerat
373 3026 608 3094 consecratam,
634 3028 670 3083 ut
686 3013 808 3082 tamdiu
828 3035 931 3102 regno
954 3013 1126 3102 potiretur,
1155 3034 1263 3101 quarn·

135 3099 190 3166 diu
209 3098 292 3165 illam
314 3100 473 3168 habuisset
491 3101 650 3167 intactam.
681 3100 805 3179 Minos,
826 3110 960 3188 accepto
982 3097 1085 3179 crine,
1105 3096 1262 3185 diritatem

94 3184 348 3273 snexpngnasit,
377 3198 409 3253 et
431 3186 544 3252 Nisum
565 3187 732 3259 interiecit.
774 3186 894 3253 Postea
914 3197 947 3252 et
965 3186 1009 3250 So
1030 3183 1088 3264 lla,
1115 3206 1136 3249 a
1156 3180 1264 3249 nanos

135 3282 311 3349 contemta,
343 3269 452 3337 dolore
483 3269 515 3335 in
543 3295 632 3338 avem
662 3294 814 3338 conversa
836 3282 903 3351 est3
939 3282 972 3337 et
1024 3270 1087 3336 isus
1108 3268 1263 3337 extinctus

134 3356 335 3424 miseratione
363 3355 496 3422 deorum
520 3356 552 3423 in
574 3357 638 3423 avis
659 3368 797 3424 mutatus
818 3356 1030 3435 est'formam.
1074 3352 1263 3428 Quae'aaes
1290 3422 1298 3431 ,

92 3518 95 3523 ,
133 3440 231 3513 hodie
259 3441 340 3509 inter
366 3464 403 3509 se
431 3440 622 3510 discordant.
673 3442 758 3509 Nam
787 3463 845 3530 pro
865 3442 978 3509 veteris
1008 3438 1083 3507 odio
1106 3438 1203 3521 lacti,
1232 3437 1264 3503 id

135 3539 185 3595 est
212 3527 323 3609 crinis,
351 3528 449 3599 Nisus
477 3528 677 3617 persequitur
698 3526 856 3618 Scyllam,
884 3540 923 3595 ut
944 3550 1016 3595 eam
1035 3524 1130 3595 morti
1148 3522 1262 3625 tradat.

23 3780 25 3787 ,
93 3661 138 3786 as
498 3723 591 3800 124.
646 3725 904 3800 Theseus

220 3855 288 3923 Sed
307 3856 511 3925 Athenienses
533 3852 609 3919 dum
630 3852 761 3941 singulis
784 3850 872 3918 annis
893 3850 973 3919 lilios
991 3852 1174 3919 Minotauro
1195 3848 1264 3916 nsit·

135 3949 258 4019 terent,
293 3944 387 4008 tertio
413 3962 495 4005 anno
523 3938 691 4018 Theseus,
722 3939 915 4005 Athenarum
944 3939 1032 4027 regis
1052 3937 1154 4025 Aegei
1174 3935 1265 4014 lilius,

130 4026 248 4093 ¹missus
279 4039 345 4106 est,
374 4037 437 4093 tam
460 4026 573 4090 virtute
591 4036 722 4111 potens,
752 4046 846 4110 quam
869 4024 980 4091 forma.
1023 4025 1086 4109 Qui
1107 4044 1204 4113 quum
1226 4022 1266 4087 ab

140 4112 294 4189 Ariadne,
329 4111 415 4199 regis
446 4108 682 4189 lilia,-amatus
717 4108 841 4189 luisset,
873 4110 942 4196 ipsa
971 4111 1112 4187 timens,
1138 4108 1180 4173 ne
1205 4105 1264 4180 ille,

96 4199 280 4284 rnqrromsis
303 4200 409 4266 occiso
431 4194 627 4279 Minotauro,
654 4192 812 4282 multiplex
842 4206 874 4263 et
895 4195 1078 4283 perplexum
1099 4190 1264 4283 labyrinthi
1307 4250 1310 4315 ἰ
