2632 4658
92 173 181 282 rut¹
513 126 803 281 rnoonurbst.
954 121 957 125 ’

92 350 208 422 animo
223 332 328 422 'ferre
355 347 450 422 licet.
510 345 725 449 Getes-oquin
752 349 797 420 in‘
817 343 937 423 codice
962 348 1120 425 vadeno
1145 360 1240 454 pars

28 503 35 516 ,
91 451 250 550 opusculi
284 450 458 550 postrema
490 446 630 545 deerat,
675 475 782 549 quam
809 472 881 550 ,ego
913 474 958 523 ex
982 450 1149 527 ,Floresio
1183 456 1230 527 ad

90 579 206 625 meum
234 549 362 625 librunt
386 550 574 624 transferre
603 551 723 648 nolui3
753 551 904 651 primum
925 552 1007 650 quia
1031 553 1229 629 Floresium

92 652 417 747 mendosissimum,
450 663 491 725 ut
515 652 607 745 dixi,
642 678 719 727 esse
745 650 950 750 cernebam3
992 652 1116 728 deinde
1144 659 1229 754 quia

91 781 174 854 pars
200 780 290 853 quae
315 757 353 827 in
381 756 541 828 vaticano
569 753 690 828 codice
715 753 962 852 desideratur,
982 754 1029 828 ad
1052 757 1227 857 mytholo-

90 860 184 958 giam
208 854 306 929 nullo
329 856 433 931 modo
458 857 647 954 pertinet.”

103 966 106 972 '
201 957 384 1031 Hactenus
412 958 564 1057 Majus.·
598 959 707 1053 Quod
731 960 840 1062 igitur
862 957 907 1033 ad
931 958 1226 1061 mgtlrograpburn

92 1060 242 1159 primum
261 1062 411 1155 attinet„
424 1060 484 1133 bic
505 1064 645 1136 nonest
665 1064 724 1137 ille
738 1062 903 1162 Hyginus
925 1065 981 1157 (ut
997 1074 1090 1159 recte
1105 1063 1226 1163 Majus

90 1167 251 1255 censet),
293 1187 398 1260 quem
432 1158 618 1264 Augustus
651 1166 870 1260 manumisit,
916 1174 953 1237 et
984 1188 1087 1263 quem
1122 1166 1225 1262 plura

89 1263 266 1336 volumina
292 1266 475 1363 scripsisse
500 1277 657 1362 constat,
691 1291 758 1340 nec
781 1266 862 1358 ille,
899 1264 1010 1364 cujus*
1025 1264 1224 1340 fabularum

90 1365 326 1439 collectionem
348 1366 464 1440 adbuc
485 1368 655 1468 legimus,
685 1370 816 1468 quique
837 1366 1029 1441 Antoninis
1048 1369 1225 1465 imperan-

89 1465 183 1539 tibus
204 1467 341 1561 floruit,
368 1479 408 1543 ut
427 1469 780 1561 virorumdoctorum
800 1469 904 1565 bodie
922 1469 991 1542 fert
1008 1492 1220 1566 consensus3

72 1567 152 1657 ‚sed
182 1570 305 1645 multo-
324 1572 434 1644 serior
467 1583 559 1645 aetas
592 1570 688 1644 buno
720 1570 788 1644 sibi
820 1571 973 1644 vindicat
1001 1572 1219 1667 scriptorem,

87 1672 264 1744 saeculum
299 1674 457 1771 quintum
492 1672 594 1766 dico,
645 1684 687 1745 ut
719 1672 869 1747 Orosius
904 1671 949 1745 ab
982 1696 1024 1746 eo
1060 1672 1222 1762 laudatus

89 1772 184 1870 (l'ab.
196 1769 297 1871 219)
322 1777 405 1847 satis
423 1800 596 1873 superque
611 1772 749 1872 probat.
802 1776 925 1871 ltuquc
942 1773 1079 1872 Hygini
1095 1800 1232 1847 nomen

86 1876 224 1973 utrique
249 1876 345 1974 operi
369 1888 463 1949 recte
491 1886 604 1975 potest
629 1874 757 1969 tribni3
796 1888 832 1949 at
859 1896 1068 1975 magnopere
1095 1900 1220 1948 caven·

85 1974 170 2048 dum
195 1986 268 2069 est,
300 2002 345 2050 ne
366 1969 480 2049 unum
499 1976 716 2075 eundemque
737 1977 940 2077 Hyginum,
967 1977 1130 2074 quisquis
1161 1975 1220 2050 illc

85 2075 209 2168 fuerit,
243 2087 304 2153 aut
325 2079 505 2177 utriusque
526 2081 641 2176 operis
662 2091 838 2151 auctorem
860 2088 920 2150 aut
939 2072 1094 2177 Augusti
1114 2076 1219 2151 liber·

85 2186 161 2250 tum
191 2177 394 2252 babeamus.
452 2181 591 2279 Hygini
623 2178 804 2277 cujusdam
831 2180 961 2252 mentio
990 2178 1085 2250 baud
1112 2180 1219 2252 infre·

85 2306 198 2378 quens
223 2292 278 2354 cst
302 2279 395 2379 apud
423 2284 583 2379 antiquos
608 2283 827 2379 scriptores,
853 2281 983 2379 quippe
1005 2276 1109 2378 quem
1136 2279 1220 2355 Ser·

85 2384 186 2474 vius,
222 2380 359 2455 Gellius
385 2378 445 2478 (l,
466 2379 532 2454 21.
560 2379 603 2476 6,
620 2379 662 2454 6.
694 2379 736 2473 5,
756 2379 797 2453 8.
830 2377 896 2476 16,
918 2380 959 2454 6.
991 2377 1162 2476 10,16.)
1186 2394 1220 2456 et

84 2481 289 2558 Macrobius
325 2483 422 2579 (Sat.
451 2481 500 2577 6,
524 2481 569 2580 9)
602 2485 693 2556 inter
721 2483 862 2583 Virgilii
893 2485 1097 2580 interpretes
1129 2483 1218 2557 refe·

83 2595 183 2679 rant,
232 2611 404 2685 quemque
442 2585 580 2660 codices
620 2585 709 2677 mei,
759 2594 801 2656 nt
839 2583 915 2656 lieri
955 2585 1064 2679 solet,
1114 2584 1219 2659 modo

84 2687 244 2785 digitium
268 2683 536 2782 (Ae.2,15),
573 2686 678 2765 modo
701 2685 845 2785 yginum
876 2680 964 2780 (Ac.
985 2683 1024 2780 7,
1046 2683 1126 2782 17)
1156 2713 1218 2761 vo·

84 2798 178 2860 cant.
239 2786 300 2861 Ac
315 2815 375 2869 ,ne
404 2791 436 2862 is
470 2788 611 2888 quidem
640 2785 796 2886 Augusti
826 2786 971 2861 libertus
1003 2797 1076 2879 est,
1114 2814 1218 2887 quem

84 2888 236 2987 Virgilio
266 2901 488 2963 coaetaneum
518 2890 624 2964 fuisse
660 2898 814 2987 oportet3
853 2914 920 2962 nec
950 2887 1131 2988 probabile
1165 2899 1219 2963 est

83 2990 233 3087 Virgilio
250 2992 367 3064 adbuc
382 2993 521 3065 virente
538 3017 747 3090 quemqnam
764 2992 1026 3090 grammaticum
1044 3013 1217 3065 commen-

84 3092 190 3163 tarios
220 3094 259 3164 in
285 3093 425 3193 Virgilii
457 3096 609 3165 carmina
640 3094 833 3191 scripsisse.
893 3091 1032 3165 Deinde
1059 3119 1116 3166 res
1138 3119 1217 3192 mg·

82 3191 219 3287 tbicae,
263 3218 351 3294 quas
384 3194 529 3269 Servius
563 3195 748 3293 Hyginum
780 3203 945 3266 tractasse
977 3193 1105 3288 refert,
1145 3212 1218 3268 non

83 3308 282 3394 congruunt
312 3321 392 3369 cum
417 3297 555 3396 Hygini
585 3293 841 3368 narrationibus
871 3293 1088 3389 fabularum,
1120 3322 1153 3370 e.
1179 3318 1214 3369 c.

34 3388 38 3401 ’
83 3396 135 3469 de.
168 3390 259 3496 equo
294 3398 451 3497 Trojano
493 3393 648 3494 (1.108
680 3405 717 3473 et
745 3395 849 3470 Serv.
884 3390 1214 3492 adte.2,15).
1256 3488 1258 3495 Ι

81 3497 206 3597 Itaque
230 3500 271 3571 Η
294 3502 417 3600 ginus,
450 3499 591 3598 Virgilii
616 3507 884 3589 commentator,
916 3496 1072 3574 diversus
1094 3508 1152 3571 est
1171 3497 1226 3572 ab'

6 3666 9 3671 .
82 3601 210 3698 coqui
239 3528 374 3675 fabulas
398 3627 487 3699 quae
511 3600 627 3673 adbuc
655 3608 774 3673 'extent
800 3600 1005 3696 composuit.
1067 3592 1122 3673 At
1135 3600 1216 3693 gmi-

83 3701 175 3772 nime
199 3727 282 3774 sane
310 3702 524 3800 spernendus
549 3702 639 3775 foret
667 3703 718 3794 is,
752 3701 814 3799 qui
837 3700 978 3800 Virgilii
1003 3710 1217 3774 commenta·

82 3812 192 3875 torem
217 3803 381 3881 Vaticani
404 3804 589 3876 voluminis
615 3812 792 3875 auctorem
816 3799 965 3896 diceret3
1000 3826 1082 3874 nam
1105 3801 1218 3902 major

82 3902 270 3976 voluminis
295 3929 378 4002 pars
410 3902 624 3976 adverbum
653 3903 725 3977 fere
756 3904 933 4000 conspirat
957 3927 1037 3974 curn
1058 3904 1102 3975 iis
1126 3926 1218 4002 quae

82 4004 229 4079 Servius
256 4003 498 4077 diversissimis
529 4004 617 4077 lucis
648 4025 713 4077 suo
745 4003 885 4101 quidem
916 4007 1056 4078 nomine
1075 4003 1214 4098 -refert3

24 4094 31 4120 ⁸
82 4105 228 4179 Servius
266 4116 382 4179 autem
421 4105 486 4177 bas
521 4105 717 4178 fabularum
755 4105 968 4197 narrationes
1003 4132 1046 4178 ex
1060 4096 1065 4113 ’
1078 4096 1217 4207 Hygini

82 4232 185 4307 opere
211 4207 366 4282 derivare
390 4217 537 4309 poterat,
559 4208 709 4282 auctoris
724 4207 862 4282 nomine
878 4231 948 4280 non
970 4207 1086 4282 allato.
1141 4208 1216 4280 Po·
