<?xml version="1.0" encoding="UTF-8"?>
<!DOCTYPE html PUBLIC "-//W3C//DTD XHTML 1.0 Transitional//EN"
    "http://www.w3.org/TR/xhtml1/DTD/xhtml1-transitional.dtd">
<html xmlns="http://www.w3.org/1999/xhtml" xml:lang="en" lang="en">
 <head>
  <title>
</title>
<meta http-equiv="Content-Type" content="text/html;charset=utf-8" />
  <meta name='ocr-system' content='tesseract 3.04.00' />
  <meta name='ocr-capabilities' content='ocr_page ocr_carea ocr_par ocr_line ocrx_word'/>
</head>
<body>
  <div class='ocr_page' id='page_1' title='image "./scriptoresrereu01bodegoog_0018.png"; bbox 0 0 2616 4658; ppageno 0'>
   <div class='ocr_carea' id='block_1_1' title="bbox 375 204 1201 305">
    <p class='ocr_par' dir='ltr' id='par_1_1' title="bbox 375 204 1201 305">
     <span class='ocr_line' id='line_1_1' title="bbox 375 204 1201 305; baseline -0.001 -35"><span class='ocrx_word' id='word_1_1' title='bbox 375 292 392 305; x_wconf 49' lang='lat'><strong>·</strong></span> <span class='ocrx_word' id='word_1_2' title='bbox 493 204 790 273; x_wconf 57' lang='lat' dir='ltr'><strong>limonium·</strong></span> <span class='ocrx_word' id='word_1_3' title='bbox 833 212 839 230; x_wconf 91' lang='grc'><strong>“</strong></span> <span class='ocrx_word' id='word_1_4' title='bbox 1160 212 1201 269; x_wconf 79' lang='grc' dir='ltr'><strong>ΧΙ</strong></span> 
     </span>
    </p>
   </div>
   <div class='ocr_carea' id='block_1_2' title="bbox 59 379 1203 995">
    <p class='ocr_par' dir='ltr' id='par_1_2' title="bbox 59 379 1203 995">
     <span class='ocr_line' id='line_1_2' title="bbox 59 379 1202 483; baseline 0.001 -24"><span class='ocrx_word' id='word_1_5' title='bbox 59 382 197 480; x_wconf 83' lang='lat' dir='ltr'><strong>„liltro</strong></span> <span class='ocrx_word' id='word_1_6' title='bbox 224 382 271 459; x_wconf 76' lang='lat' dir='ltr'><strong>als</strong></span> <span class='ocrx_word' id='word_1_7' title='bbox 296 380 440 479; x_wconf 69' lang='lat' dir='ltr'><strong>lambi83</strong></span> <span class='ocrx_word' id='word_1_8' title='bbox 478 392 516 455; x_wconf 86' lang='lat' dir='ltr'><strong>et</strong></span> <span class='ocrx_word' id='word_1_9' title='bbox 543 381 716 456; x_wconf 77' lang='lat' dir='ltr'><strong>Leontius</strong></span> <span class='ocrx_word' id='word_1_10' title='bbox 744 379 1041 483; x_wconf 68' lang='lat' dir='ltr'><strong>mpthogrtplros,</strong></span> <span class='ocrx_word' id='word_1_11' title='bbox 1078 396 1202 460; x_wconf 79' lang='lat' dir='ltr'><strong>auctor</strong></span> 
     </span>
     <span class='ocr_line' id='line_1_3' title="bbox 60 483 1202 582; baseline 0 -23"><span class='ocrx_word' id='word_1_12' title='bbox 60 488 247 581; x_wconf 80' lang='lat' dir='ltr'><strong>„minime</strong></span> <span class='ocrx_word' id='word_1_13' title='bbox 265 487 399 579; x_wconf 73' lang='lat' dir='ltr'><strong>malos,</strong></span> <span class='ocrx_word' id='word_1_14' title='bbox 429 483 666 582; x_wconf 71' lang='lat' dir='ltr'><strong>saperion&#39;hus</strong></span> <span class='ocrx_word' id='word_1_15' title='bbox 688 487 789 558; x_wconf 78' lang='lat' dir='ltr'><strong>annis</strong></span> <span class='ocrx_word' id='word_1_16' title='bbox 810 483 954 561; x_wconf 82' lang='lat' dir='ltr'><strong>anobis</strong></span> <span class='ocrx_word' id='word_1_17' title='bbox 972 497 1105 561; x_wconf 89' lang='lat' dir='ltr'><strong>tautum</strong></span> <span class='ocrx_word' id='word_1_18' title='bbox 1128 512 1202 561; x_wconf 93' lang='lat' dir='ltr'><strong>non</strong></span> 
     </span>
     <span class='ocr_line' id='line_1_4' title="bbox 61 585 1203 688; baseline -0.001 -27"><span class='ocrx_word' id='word_1_19' title='bbox 61 587 150 681; x_wconf 70' lang='lat' dir='ltr'><strong>„to</strong></span> <span class='ocrx_word' id='word_1_20' title='bbox 191 587 312 661; x_wconf 78' lang='lat' dir='ltr'><strong>inferis</strong></span> <span class='ocrx_word' id='word_1_21' title='bbox 353 588 547 677; x_wconf 85' lang='lat' dir='ltr'><strong>excitatus,</strong></span> <span class='ocrx_word' id='word_1_22' title='bbox 597 596 634 659; x_wconf 88' lang='lat' dir='ltr'><strong>ot</strong></span> <span class='ocrx_word' id='word_1_23' title='bbox 671 585 858 686; x_wconf 71' lang='lat' dir='ltr'><strong>aliquando</strong></span> <span class='ocrx_word' id='word_1_24' title='bbox 895 611 976 659; x_wconf 90' lang='lat' dir='ltr'><strong>cum</strong></span> <span class='ocrx_word' id='word_1_25' title='bbox 1015 587 1203 688; x_wconf 79' lang='lat' dir='ltr'><strong>philologis</strong></span> 
     </span>
     <span class='ocr_line' id='line_1_5' title="bbox 61 684 1202 786; baseline 0.001 -24"><span class='ocrx_word' id='word_1_26' title='bbox 61 689 455 784; x_wconf 75' lang='lat' dir='ltr'><strong>„communicandos”</strong></span> <span class='ocrx_word' id='word_1_27' title='bbox 521 684 585 759; x_wconf 83' lang='lat' dir='ltr'><strong>Ad</strong></span> <span class='ocrx_word' id='word_1_28' title='bbox 618 713 707 786; x_wconf 86' lang='lat' dir='ltr'><strong>quae</strong></span> <span class='ocrx_word' id='word_1_29' title='bbox 738 690 938 761; x_wconf 80' lang='lat' dir='ltr'><strong>Brassicaui</strong></span> <span class='ocrx_word' id='word_1_30' title='bbox 970 689 1077 762; x_wconf 81' lang='lat' dir='ltr'><strong>verba</strong></span> <span class='ocrx_word' id='word_1_31' title='bbox 1108 692 1202 763; x_wconf 88' lang='lat' dir='ltr'><strong>Bur·</strong></span> 
     </span>
     <span class='ocr_line' id='line_1_6' title="bbox 61 790 1202 889; baseline 0.001 -25"><span class='ocrx_word' id='word_1_32' title='bbox 61 816 215 865; x_wconf 80' lang='lat' dir='ltr'><strong>monus</strong></span> <span class='ocrx_word' id='word_1_33' title='bbox 245 791 409 864; x_wconf 75' lang='lat' dir='ltr'><strong>adnotat:</strong></span> <span class='ocrx_word' id='word_1_34' title='bbox 450 795 558 862; x_wconf 84' lang='lat' dir='ltr'><strong>“non</strong></span> <span class='ocrx_word' id='word_1_35' title='bbox 589 792 783 889; x_wconf 82' lang='lat' dir='ltr'><strong>praestitit3</strong></span> <span class='ocrx_word' id='word_1_36' title='bbox 825 800 860 864; x_wconf 90' lang='lat' dir='ltr'><strong>et</strong></span> <span class='ocrx_word' id='word_1_37' title='bbox 886 790 1057 865; x_wconf 76' lang='lat' dir='ltr'><strong>Leontius</strong></span> <span class='ocrx_word' id='word_1_38' title='bbox 1085 791 1202 865; x_wconf 81' lang='lat' dir='ltr'><strong>adhuc</strong></span> 
     </span>
     <span class='ocr_line' id='line_1_7' title="bbox 64 882 1202 995; baseline 0.001 -30"><span class='ocrx_word' id='word_1_39' title='bbox 64 893 211 995; x_wconf 60' lang='lat' dir='ltr'><strong>„tarsu</strong></span> <span class='ocrx_word' id='word_1_40' title='bbox 245 904 307 964; x_wconf 76' lang='lat' dir='ltr'><strong>rot</strong></span> <span class='ocrx_word' id='word_1_41' title='bbox 335 882 439 991; x_wconf 89' lang='lat' dir='ltr'><strong>periit</strong></span> <span class='ocrx_word' id='word_1_42' title='bbox 467 893 504 964; x_wconf 93' lang='lat' dir='ltr'><strong>in</strong></span> <span class='ocrx_word' id='word_1_43' title='bbox 531 889 625 964; x_wconf 84' lang='lat' dir='ltr'><strong>bello</strong></span> <span class='ocrx_word' id='word_1_44' title='bbox 648 891 872 965; x_wconf 75' lang='lat' dir='ltr'><strong>smalltaldico</strong></span> <span class='ocrx_word' id='word_1_45' title='bbox 900 916 980 963; x_wconf 90' lang='lat' dir='ltr'><strong>cum</strong></span> <span class='ocrx_word' id='word_1_46' title='bbox 1008 893 1202 966; x_wconf 76' lang='lat' dir='ltr'>numerosis</span> 
     </span>
    </p>
   </div>
   <div class='ocr_carea' id='block_1_3' title="bbox 32 991 1244 4231">
    <p class='ocr_par' dir='ltr' id='par_1_3' title="bbox 62 991 1244 2309">
     <span class='ocr_line' id='line_1_8' title="bbox 62 991 1203 1196; baseline -0.002 -27"><span class='ocrx_word' id='word_1_47' title='bbox 62 992 206 1169; x_wconf 61' lang='grc' dir='ltr'><strong>ἓξὲξ</strong></span> <span class='ocrx_word' id='word_1_48' title='bbox 223 991 643 1192; x_wconf 46' lang='lat' dir='ltr'><strong>tonsilla</strong></span> <span class='ocrx_word' id='word_1_49' title='bbox 659 994 935 1194; x_wconf 59' lang='lat' dir='ltr'><strong>„inm</strong></span> <span class='ocrx_word' id='word_1_50' title='bbox 956 993 1203 1196; x_wconf 60' lang='lat' dir='ltr'><strong>tulit</strong></span> 
     </span>
     <span class='ocr_line' id='line_1_9' title="bbox 62 1194 1207 1296; baseline 0.004 -29"><span class='ocrx_word' id='word_1_51' title='bbox 62 1195 301 1296; x_wconf 80' lang='lat' dir='ltr'><strong>tlrograplmm</strong></span> <span class='ocrx_word' id='word_1_52' title='bbox 331 1199 370 1268; x_wconf 92' lang='lat' dir='ltr'><strong>in</strong></span> <span class='ocrx_word' id='word_1_53' title='bbox 392 1208 544 1269; x_wconf 76' lang='lat' dir='ltr'><strong>metatu</strong></span> <span class='ocrx_word' id='word_1_54' title='bbox 565 1197 645 1287; x_wconf 82' lang='lat' dir='ltr'><strong>xl,</strong></span> <span class='ocrx_word' id='word_1_55' title='bbox 679 1194 776 1296; x_wconf 75' lang='lat'><strong>§10</strong></span> <span class='ocrx_word' id='word_1_56' title='bbox 807 1198 880 1270; x_wconf 80' lang='lat' dir='ltr'><strong>sic:</strong></span> <span class='ocrx_word' id='word_1_57' title='bbox 914 1222 1061 1296; x_wconf 70' lang='lat' dir='ltr'><strong>prum</strong></span> <span class='ocrx_word' id='word_1_58' title='bbox 1083 1197 1207 1273; x_wconf 75' lang='lat' dir='ltr'><strong>Maru</strong></span> 
     </span>
     <span class='ocr_line' id='line_1_10' title="bbox 64 1298 1202 1400; baseline 0.001 -29"><span class='ocrx_word' id='word_1_59' title='bbox 64 1300 267 1390; x_wconf 73' lang='lat' dir='ltr'><strong>dedicatur,</strong></span> <span class='ocrx_word' id='word_1_60' title='bbox 294 1299 380 1400; x_wconf 81' lang='lat' dir='ltr'><strong>quia</strong></span> <span class='ocrx_word' id='word_1_61' title='bbox 403 1299 594 1370; x_wconf 80' lang='lat' dir='ltr'><strong>secundum</strong></span> <span class='ocrx_word' id='word_1_62' title='bbox 610 1298 774 1371; x_wconf 80' lang='lat' dir='ltr'><strong>Plinium</strong></span> <span class='ocrx_word' id='word_1_63' title='bbox 798 1300 837 1370; x_wconf 82' lang='lat' dir='ltr'><strong>io</strong></span> <span class='ocrx_word' id='word_1_64' title='bbox 860 1298 1021 1369; x_wconf 70' lang='lat' dir='ltr'><strong>nuutruli</strong></span> <span class='ocrx_word' id='word_1_65' title='bbox 1037 1299 1202 1391; x_wconf 66' lang='lat' dir='ltr'><strong>historia,</strong></span> 
     </span>
     <span class='ocr_line' id='line_1_11' title="bbox 65 1398 1207 1498; baseline 0 -25"><span class='ocrx_word' id='word_1_66' title='bbox 65 1425 112 1473; x_wconf 81' lang='lat' dir='ltr'><strong>ex</strong></span> <span class='ocrx_word' id='word_1_67' title='bbox 142 1398 297 1471; x_wconf 67' lang='lat' dir='ltr'><strong>humano</strong></span> <span class='ocrx_word' id='word_1_68' title='bbox 331 1425 457 1472; x_wconf 83' lang='lat' dir='ltr'><strong>eruore</strong></span> <span class='ocrx_word' id='word_1_69' title='bbox 486 1410 709 1498; x_wconf 81' lang='lat' dir='ltr'><strong>procreator.</strong></span> <span class='ocrx_word' id='word_1_70' title='bbox 738 1442 791 1458; x_wconf 92' lang='lat'><em>-</em></span> <span class='ocrx_word' id='word_1_71' title='bbox 857 1399 962 1472; x_wconf 81' lang='lat' dir='ltr'><strong>Unde</strong></span> <span class='ocrx_word' id='word_1_72' title='bbox 995 1410 1032 1472; x_wconf 88' lang='lat' dir='ltr'><strong>et</strong></span> <span class='ocrx_word' id='word_1_73' title='bbox 1064 1402 1207 1473; x_wconf 81' lang='lat' dir='ltr'><strong>romani</strong></span> 
     </span>
     <span class='ocr_line' id='line_1_12' title="bbox 64 1501 1208 1602; baseline 0.003 -29"><span class='ocrx_word' id='word_1_74' title='bbox 64 1502 177 1573; x_wconf 78' lang='lat' dir='ltr'><strong>moris</strong></span> <span class='ocrx_word' id='word_1_75' title='bbox 201 1502 344 1602; x_wconf 72' lang='lat' dir='ltr'><strong>ficerat,</strong></span> <span class='ocrx_word' id='word_1_76' title='bbox 387 1528 466 1574; x_wconf 73' lang='lat' dir='ltr'><strong>crem</strong></span> <span class='ocrx_word' id='word_1_77' title='bbox 497 1502 542 1573; x_wconf 81' lang='lat' dir='ltr'><strong>de</strong></span> <span class='ocrx_word' id='word_1_78' title='bbox 568 1527 609 1574; x_wconf 84' lang='lat' dir='ltr'><strong>re</strong></span> <span class='ocrx_word' id='word_1_79' title='bbox 638 1501 768 1574; x_wconf 84' lang='lat' dir='ltr'><strong>bellica</strong></span> <span class='ocrx_word' id='word_1_80' title='bbox 797 1512 982 1600; x_wconf 72' lang='lat' dir='ltr'><strong>ageretur,</strong></span> <span class='ocrx_word' id='word_1_81' title='bbox 1023 1512 1058 1574; x_wconf 89' lang='lat' dir='ltr'><strong>et</strong></span> <span class='ocrx_word' id='word_1_82' title='bbox 1085 1502 1208 1577; x_wconf 72' lang='lat' dir='ltr'><strong>Moti</strong></span> 
     </span>
     <span class='ocr_line' id='line_1_13' title="bbox 63 1601 1204 1703; baseline 0.001 -29"><span class='ocrx_word' id='word_1_83' title='bbox 63 1601 346 1701; x_wconf 71' lang='lat' dir='ltr'><strong>sacrificaretur,</strong></span> <span class='ocrx_word' id='word_1_84' title='bbox 385 1630 469 1675; x_wconf 80' lang='lat' dir='ltr'><strong>urus</strong></span> <span class='ocrx_word' id='word_1_85' title='bbox 493 1605 704 1676; x_wconf 80' lang='lat' dir='ltr'><strong>constituere</strong></span> <span class='ocrx_word' id='word_1_86' title='bbox 727 1605 940 1701; x_wconf 75' lang='lat' dir='ltr'><strong>gramineus.</strong></span> <span class='ocrx_word' id='word_1_87' title='bbox 1003 1603 1103 1703; x_wconf 84' lang='lat' dir='ltr'><strong>Ergo</strong></span> <span class='ocrx_word' id='word_1_88' title='bbox 1126 1630 1204 1702; x_wconf 72' lang='lat' dir='ltr'><strong>my·</strong></span> 
     </span>
     <span class='ocr_line' id='line_1_14' title="bbox 64 1702 1205 1803; baseline 0.004 -29"><span class='ocrx_word' id='word_1_89' title='bbox 64 1702 285 1803; x_wconf 72' lang='lat' dir='ltr'><strong>tltogsophus</strong></span> <span class='ocrx_word' id='word_1_90' title='bbox 306 1703 366 1776; x_wconf 84' lang='lat' dir='ltr'><strong>lric</strong></span> <span class='ocrx_word' id='word_1_91' title='bbox 386 1706 568 1801; x_wconf 79' lang='lat' dir='ltr'><strong>vaticanus</strong></span> <span class='ocrx_word' id='word_1_92' title='bbox 589 1705 762 1779; x_wconf 64' lang='lat' dir='ltr'><strong>horstius</strong></span> <span class='ocrx_word' id='word_1_93' title='bbox 782 1714 858 1795; x_wconf 90' lang='lat' dir='ltr'><strong>est,</strong></span> <span class='ocrx_word' id='word_1_94' title='bbox 891 1705 1103 1778; x_wconf 83' lang='lat' dir='ltr'><strong>Brassicauo</strong></span> <span class='ocrx_word' id='word_1_95' title='bbox 1124 1718 1205 1779; x_wconf 87' lang='lat' dir='ltr'><strong>ante</strong></span> 
     </span>
     <span class='ocr_line' id='line_1_15' title="bbox 65 1804 1205 1904; baseline 0.002 -27"><span class='ocrx_word' id='word_1_96' title='bbox 65 1828 179 1878; x_wconf 76' lang='lat' dir='ltr'><strong>annos</strong></span> <span class='ocrx_word' id='word_1_97' title='bbox 209 1814 384 1879; x_wconf 87' lang='lat' dir='ltr'><strong>trecentos</strong></span> <span class='ocrx_word' id='word_1_98' title='bbox 412 1808 529 1898; x_wconf 86' lang='lat' dir='ltr'><strong>visus,</strong></span> <span class='ocrx_word' id='word_1_99' title='bbox 571 1805 698 1878; x_wconf 87' lang='lat' dir='ltr'><strong>deiude</strong></span> <span class='ocrx_word' id='word_1_100' title='bbox 728 1806 893 1904; x_wconf 89' lang='lat' dir='ltr'><strong>temporis</strong></span> <span class='ocrx_word' id='word_1_101' title='bbox 920 1804 1046 1903; x_wconf 83' lang='lat' dir='ltr'><strong>injuris</strong></span> <span class='ocrx_word' id='word_1_102' title='bbox 1079 1807 1205 1879; x_wconf 85' lang='lat' dir='ltr'><strong>iterum</strong></span> 
     </span>
     <span class='ocr_line' id='line_1_16' title="bbox 64 1905 1244 2004; baseline 0.002 -25"><span class='ocrx_word' id='word_1_103' title='bbox 64 1906 218 1979; x_wconf 85' lang='lat' dir='ltr'><strong>tenebris</strong></span> <span class='ocrx_word' id='word_1_104' title='bbox 240 1906 405 2004; x_wconf 86' lang='lat' dir='ltr'><strong>obrutos,</strong></span> <span class='ocrx_word' id='word_1_105' title='bbox 436 1932 531 1978; x_wconf 90' lang='lat' dir='ltr'><strong>nunc</strong></span> <span class='ocrx_word' id='word_1_106' title='bbox 555 1931 578 1978; x_wconf 87' lang='lat' dir='ltr'><strong>a</strong></span> <span class='ocrx_word' id='word_1_107' title='bbox 600 1932 655 1979; x_wconf 93' lang='lat' dir='ltr'><strong>me</strong></span> <span class='ocrx_word' id='word_1_108' title='bbox 679 1905 817 1979; x_wconf 88' lang='lat' dir='ltr'><strong>demum</strong></span> <span class='ocrx_word' id='word_1_109' title='bbox 843 1933 910 2004; x_wconf 87' lang='lat' dir='ltr'><strong>ope</strong></span> <span class='ocrx_word' id='word_1_110' title='bbox 932 1906 1093 1980; x_wconf 84' lang='lat' dir='ltr'><strong>codicum</strong></span> <span class='ocrx_word' id='word_1_111' title='bbox 1116 1910 1204 1981; x_wconf 82' lang='lat' dir='ltr'><strong>vati·</strong></span> <span class='ocrx_word' id='word_1_112' title='bbox 1240 1992 1244 1999; x_wconf 32' lang='grc' dir='ltr'>Ι</span> 
     </span>
     <span class='ocr_line' id='line_1_17' title="bbox 66 2006 1244 2106; baseline 0.001 -25"><span class='ocrx_word' id='word_1_113' title='bbox 66 2032 234 2103; x_wconf 84' lang='lat' dir='ltr'><strong>canorum</strong></span> <span class='ocrx_word' id='word_1_114' title='bbox 262 2011 301 2081; x_wconf 93' lang='lat' dir='ltr'><strong>in</strong></span> <span class='ocrx_word' id='word_1_115' title='bbox 327 2011 569 2106; x_wconf 87' lang='lat' dir='ltr'><strong>sempiternam</strong></span> <span class='ocrx_word' id='word_1_116' title='bbox 595 2007 710 2081; x_wconf 90' lang='lat' dir='ltr'><strong>lucem</strong></span> <span class='ocrx_word' id='word_1_117' title='bbox 739 2006 947 2080; x_wconf 84' lang='lat' dir='ltr'><strong>vindicatus.</strong></span> <span class='ocrx_word' id='word_1_118' title='bbox 1000 2008 1080 2080; x_wconf 83' lang='lat' dir='ltr'><strong>Nisi</strong></span> <span class='ocrx_word' id='word_1_119' title='bbox 1110 2011 1244 2082; x_wconf 77' lang='lat' dir='ltr'><strong>enim&#39;&#39;</strong></span> 
     </span>
     <span class='ocr_line' id='line_1_18' title="bbox 65 2106 1204 2211; baseline 0.003 -29"><span class='ocrx_word' id='word_1_120' title='bbox 65 2108 294 2207; x_wconf 66' lang='lat' dir='ltr'><strong>Brucicsnus</strong></span> <span class='ocrx_word' id='word_1_121' title='bbox 318 2110 458 2183; x_wconf 82' lang='lat' dir='ltr'><strong>Leontii</strong></span> <span class='ocrx_word' id='word_1_122' title='bbox 483 2111 678 2182; x_wconf 81' lang='lat' dir='ltr'><strong>nomcn&#39;in</strong></span> <span class='ocrx_word' id='word_1_123' title='bbox 704 2109 825 2182; x_wconf 86' lang='lat' dir='ltr'><strong>codice</strong></span> <span class='ocrx_word' id='word_1_124' title='bbox 849 2134 915 2182; x_wconf 88' lang='lat' dir='ltr'><strong>suo</strong></span> <span class='ocrx_word' id='word_1_125' title='bbox 942 2106 1106 2207; x_wconf 74' lang='lat' dir='ltr'><strong>vidisset,</strong></span> <span class='ocrx_word' id='word_1_126' title='bbox 1142 2112 1204 2211; x_wconf 86' lang='lat' dir='ltr'><strong>qui</strong></span> 
     </span>
     <span class='ocr_line' id='line_1_19' title="bbox 65 2208 964 2309; baseline -0.006 -21"><span class='ocrx_word' id='word_1_127' title='bbox 65 2208 143 2287; x_wconf 75' lang='lat' dir='ltr'><strong>ficri</strong></span> <span class='ocrx_word' id='word_1_128' title='bbox 171 2222 306 2309; x_wconf 85' lang='lat' dir='ltr'><strong>poterat</strong></span> <span class='ocrx_word' id='word_1_129' title='bbox 328 2222 370 2284; x_wconf 91' lang='lat' dir='ltr'><strong>ot</strong></span> <span class='ocrx_word' id='word_1_130' title='bbox 393 2212 581 2285; x_wconf 84' lang='lat' dir='ltr'><strong>Leontium</strong></span> <span class='ocrx_word' id='word_1_131' title='bbox 608 2209 709 2284; x_wconf 87' lang='lat' dir='ltr'><strong>nobis</strong></span> <span class='ocrx_word' id='word_1_132' title='bbox 733 2210 964 2285; x_wconf 79' lang='lat' dir='ltr'><strong>occineretl”</strong></span> 
     </span>
    </p>

    <p class='ocr_par' dir='ltr' id='par_1_4' title="bbox 32 2310 1241 4231">
     <span class='ocr_line' id='line_1_20' title="bbox 137 2310 1205 2412; baseline 0.001 -23"><span class='ocrx_word' id='word_1_133' title='bbox 137 2314 232 2405; x_wconf 72' lang='lat' dir='ltr'><strong>Vll,</strong></span> <span class='ocrx_word' id='word_1_134' title='bbox 253 2310 367 2412; x_wconf 79' lang='lat' dir='ltr'><strong>“Age</strong></span> <span class='ocrx_word' id='word_1_135' title='bbox 388 2340 471 2387; x_wconf 84' lang='lat' dir='ltr'><strong>vero</strong></span> <span class='ocrx_word' id='word_1_136' title='bbox 490 2314 676 2386; x_wconf 86' lang='lat' dir='ltr'><strong>Leontium</strong></span> <span class='ocrx_word' id='word_1_137' title='bbox 703 2338 784 2386; x_wconf 88' lang='lat' dir='ltr'><strong>cum</strong></span> <span class='ocrx_word' id='word_1_138' title='bbox 806 2312 975 2405; x_wconf 76' lang='lat' dir='ltr'><strong>dicimuS,</strong></span> <span class='ocrx_word' id='word_1_139' title='bbox 1010 2339 1081 2387; x_wconf 93' lang='lat' dir='ltr'><strong>non</strong></span> <span class='ocrx_word' id='word_1_140' title='bbox 1104 2314 1205 2390; x_wconf 88' lang='lat' dir='ltr'><strong>illum</strong></span> 
     </span>
     <span class='ocr_line' id='line_1_21' title="bbox 65 2414 1201 2514; baseline -0.001 -26"><span class='ocrx_word' id='word_1_141' title='bbox 65 2414 225 2514; x_wconf 77' lang='lat' dir='ltr'><strong>prolecto</strong></span> <span class='ocrx_word' id='word_1_142' title='bbox 265 2415 489 2514; x_wconf 75' lang='lat' dir='ltr'><strong>intelligimus</strong></span> <span class='ocrx_word' id='word_1_143' title='bbox 533 2415 719 2507; x_wconf 82' lang='lat' dir='ltr'><strong>Leontium</strong></span> <span class='ocrx_word' id='word_1_144' title='bbox 763 2426 992 2512; x_wconf 87' lang='lat' dir='ltr'><strong>cognomento</strong></span> <span class='ocrx_word' id='word_1_145' title='bbox 1031 2415 1201 2509; x_wconf 83' lang='lat' dir='ltr'><strong>Pilatum,</strong></span> 
     </span>
     <span class='ocr_line' id='line_1_22' title="bbox 65 2514 1204 2618; baseline 0.001 -29"><span class='ocrx_word' id='word_1_146' title='bbox 65 2542 171 2615; x_wconf 84' lang='lat' dir='ltr'><strong>qoem</strong></span> <span class='ocrx_word' id='word_1_147' title='bbox 185 2514 369 2590; x_wconf 78' lang='lat' dir='ltr'><strong>‹lohannes</strong></span> <span class='ocrx_word' id='word_1_148' title='bbox 383 2518 572 2590; x_wconf 89' lang='lat' dir='ltr'><strong>Boccatins</strong></span> <span class='ocrx_word' id='word_1_149' title='bbox 596 2518 634 2587; x_wconf 93' lang='lat' dir='ltr'><strong>in</strong></span> <span class='ocrx_word' id='word_1_150' title='bbox 656 2515 832 2588; x_wconf 91' lang='lat' dir='ltr'><strong>luculento</strong></span> <span class='ocrx_word' id='word_1_151' title='bbox 858 2541 921 2587; x_wconf 89' lang='lat' dir='ltr'><strong>suo</strong></span> <span class='ocrx_word' id='word_1_152' title='bbox 939 2515 983 2587; x_wconf 85' lang='lat' dir='ltr'><strong>de</strong></span> <span class='ocrx_word' id='word_1_153' title='bbox 1001 2516 1204 2618; x_wconf 75' lang='lat' dir='ltr'><strong>genealogia</strong></span> 
     </span>
     <span class='ocr_line' id='line_1_23' title="bbox 66 2616 1204 2717; baseline 0.001 -28"><span class='ocrx_word' id='word_1_154' title='bbox 66 2618 212 2692; x_wconf 85' lang='lat' dir='ltr'><strong>deorum</strong></span> <span class='ocrx_word' id='word_1_155' title='bbox 232 2643 336 2717; x_wconf 87' lang='lat' dir='ltr'><strong>opere</strong></span> <span class='ocrx_word' id='word_1_156' title='bbox 363 2645 466 2717; x_wconf 88' lang='lat' dir='ltr'><strong>saepe</strong></span> <span class='ocrx_word' id='word_1_157' title='bbox 494 2617 579 2689; x_wconf 82' lang='lat' dir='ltr'><strong>lacit</strong></span> <span class='ocrx_word' id='word_1_158' title='bbox 602 2616 816 2715; x_wconf 89' lang='lat' dir='ltr'><strong>loquentem.</strong></span> <span class='ocrx_word' id='word_1_159' title='bbox 868 2617 953 2688; x_wconf 84' lang='lat' dir='ltr'><strong>Fuit</strong></span> <span class='ocrx_word' id='word_1_160' title='bbox 975 2619 1067 2689; x_wconf 90' lang='lat' dir='ltr'><strong>enim</strong></span> <span class='ocrx_word' id='word_1_161' title='bbox 1086 2617 1204 2692; x_wconf 90' lang='lat' dir='ltr'><strong>Leon·</strong></span> 
     </span>
     <span class='ocr_line' id='line_1_24' title="bbox 65 2716 1204 2817; baseline -0.001 -26"><span class='ocrx_word' id='word_1_162' title='bbox 65 2720 137 2792; x_wconf 82' lang='lat' dir='ltr'><strong>tius</strong></span> <span class='ocrx_word' id='word_1_163' title='bbox 164 2719 323 2813; x_wconf 87' lang='lat' dir='ltr'><strong>Pilatus,</strong></span> <span class='ocrx_word' id='word_1_164' title='bbox 360 2731 400 2792; x_wconf 91' lang='lat' dir='ltr'><strong>ut</strong></span> <span class='ocrx_word' id='word_1_165' title='bbox 425 2721 474 2792; x_wconf 88' lang='lat' dir='ltr'><strong>ait</strong></span> <span class='ocrx_word' id='word_1_166' title='bbox 499 2720 687 2792; x_wconf 88' lang='lat' dir='ltr'><strong>Boccatius</strong></span> <span class='ocrx_word' id='word_1_167' title='bbox 717 2745 778 2817; x_wconf 92' lang='lat' dir='ltr'><strong>op.</strong></span> <span class='ocrx_word' id='word_1_168' title='bbox 806 2718 867 2790; x_wconf 85' lang='lat' dir='ltr'><strong>cit.</strong></span> <span class='ocrx_word' id='word_1_169' title='bbox 895 2716 959 2789; x_wconf 90' lang='lat' dir='ltr'><strong>lib.</strong></span> <span class='ocrx_word' id='word_1_170' title='bbox 981 2718 1072 2812; x_wconf 83' lang='lat' dir='ltr'><strong>XV,</strong></span> <span class='ocrx_word' id='word_1_171' title='bbox 1100 2717 1148 2812; x_wconf 82' lang='lat'><strong>6,</strong></span> <span class='ocrx_word' id='word_1_172' title='bbox 1178 2717 1204 2790; x_wconf 83' lang='lat'>7</span> 
     </span>
     <span class='ocr_line' id='line_1_25' title="bbox 64 2818 1205 2918; baseline 0 -25"><span class='ocrx_word' id='word_1_173' title='bbox 64 2818 374 2895; x_wconf 77' lang='lat' dir='ltr'><strong>thessalonicensis</strong></span> <span class='ocrx_word' id='word_1_174' title='bbox 396 2821 520 2914; x_wconf 88' lang='lat' dir='ltr'><strong>homo,</strong></span> <span class='ocrx_word' id='word_1_175' title='bbox 551 2821 591 2907; x_wconf 87' lang='lat' dir='ltr'><strong>in</strong></span> <span class='ocrx_word' id='word_1_176' title='bbox 612 2822 746 2918; x_wconf 84' lang='lat' dir='ltr'><strong>graecis</strong></span> <span class='ocrx_word' id='word_1_177' title='bbox 769 2818 909 2917; x_wconf 88' lang='lat' dir='ltr'><strong>quidem</strong></span> <span class='ocrx_word' id='word_1_178' title='bbox 928 2819 1053 2892; x_wconf 88' lang='lat' dir='ltr'><strong>litteris</strong></span> <span class='ocrx_word' id='word_1_179' title='bbox 1075 2818 1205 2893; x_wconf 86' lang='lat' dir='ltr'><strong>doctis·</strong></span> 
     </span>
     <span class='ocr_line' id='line_1_26' title="bbox 64 2921 1205 3014; baseline 0.001 -20"><span class='ocrx_word' id='word_1_180' title='bbox 64 2922 188 3014; x_wconf 54' lang='lat' dir='ltr'><strong>simum</strong></span> <span class='ocrx_word' id='word_1_181' title='bbox 214 2922 276 2996; x_wconf 85' lang='lat' dir='ltr'><strong>sed</strong></span> <span class='ocrx_word' id='word_1_182' title='bbox 296 2922 412 2995; x_wconf 81' lang='lat' dir='ltr'><strong>latinis</strong></span> <span class='ocrx_word' id='word_1_183' title='bbox 429 2949 501 2997; x_wconf 89' lang='lat' dir='ltr'><strong>non</strong></span> <span class='ocrx_word' id='word_1_184' title='bbox 520 2923 605 2994; x_wconf 83' lang='lat' dir='ltr'><strong>satis</strong></span> <span class='ocrx_word' id='word_1_185' title='bbox 623 2924 829 2993; x_wconf 85' lang='lat' dir='ltr'><strong>instructus.</strong></span> <span class='ocrx_word' id='word_1_186' title='bbox 882 2921 994 2993; x_wconf 86' lang='lat' dir='ltr'><strong>Hunc</strong></span> <span class='ocrx_word' id='word_1_187' title='bbox 1014 2922 1205 2995; x_wconf 85' lang='lat' dir='ltr'><strong>Boccatius</strong></span> 
     </span>
     <span class='ocr_line' id='line_1_27' title="bbox 42 3019 1207 3121; baseline 0.001 -26"><span class='ocrx_word' id='word_1_188' title='bbox 42 3019 236 3121; x_wconf 83' lang='lat' dir='ltr'><strong>‘hospitem</strong></span> <span class='ocrx_word' id='word_1_189' title='bbox 274 3023 369 3097; x_wconf 86' lang='lat' dir='ltr'><strong>domi</strong></span> <span class='ocrx_word' id='word_1_190' title='bbox 406 3050 490 3097; x_wconf 88' lang='lat' dir='ltr'><strong>suae</strong></span> <span class='ocrx_word' id='word_1_191' title='bbox 526 3020 670 3116; x_wconf 84' lang='lat' dir='ltr'><strong>habuit,</strong></span> <span class='ocrx_word' id='word_1_192' title='bbox 720 3047 869 3119; x_wconf 88' lang='lat' dir='ltr'><strong>eumque</strong></span> <span class='ocrx_word' id='word_1_193' title='bbox 907 3022 1104 3102; x_wconf 84' lang='lat' dir='ltr'><strong>Homerum</strong></span> <span class='ocrx_word' id='word_1_194' title='bbox 1137 3021 1207 3096; x_wconf 89' lang='lat' dir='ltr'><strong>sibi</strong></span> 
     </span>
     <span class='ocr_line' id='line_1_28' title="bbox 63 3122 1241 3225; baseline -0.002 -30"><span class='ocrx_word' id='word_1_195' title='bbox 63 3124 489 3225; x_wconf 70' lang='lat' dir='ltr'><strong>praelegentem&#39;triennio</strong></span> <span class='ocrx_word' id='word_1_196' title='bbox 514 3123 640 3216; x_wconf 80' lang='lat' dir='ltr'><strong>audiit,</strong></span> <span class='ocrx_word' id='word_1_197' title='bbox 668 3135 773 3221; x_wconf 88' lang='lat' dir='ltr'><strong>atque</strong></span> <span class='ocrx_word' id='word_1_198' title='bbox 794 3135 835 3196; x_wconf 90' lang='lat' dir='ltr'><strong>ut</strong></span> <span class='ocrx_word' id='word_1_199' title='bbox 856 3125 1062 3224; x_wconf 89' lang='lat' dir='ltr'><strong>magistrum</strong></span> <span class='ocrx_word' id='word_1_200' title='bbox 1088 3122 1205 3224; x_wconf 91' lang='lat' dir='ltr'><strong>publi·</strong></span> <span class='ocrx_word' id='word_1_201' title='bbox 1238 3188 1241 3193; x_wconf 88' lang='lat'>.</span> 
     </span>
     <span class='ocr_line' id='line_1_29' title="bbox 64 3225 1204 3324; baseline 0.001 -28"><span class='ocrx_word' id='word_1_202' title='bbox 64 3248 147 3297; x_wconf 90' lang='lat' dir='ltr'><strong>com</strong></span> <span class='ocrx_word' id='word_1_203' title='bbox 181 3225 317 3299; x_wconf 84' lang='lat' dir='ltr'><strong>decreta</strong></span> <span class='ocrx_word' id='word_1_204' title='bbox 350 3226 511 3299; x_wconf 85' lang='lat' dir='ltr'><strong>mercede</strong></span> <span class='ocrx_word' id='word_1_205' title='bbox 541 3226 736 3299; x_wconf 83' lang='lat' dir='ltr'><strong>Florentini</strong></span> <span class='ocrx_word' id='word_1_206' title='bbox 765 3226 1001 3324; x_wconf 88' lang='lat' dir='ltr'><strong>susciperent,</strong></span> <span class='ocrx_word' id='word_1_207' title='bbox 1047 3227 1204 3298; x_wconf 73' lang='lat' dir='ltr'><strong>curavitz</strong></span> 
     </span>
     <span class='ocr_line' id='line_1_30' title="bbox 64 3324 1201 3426; baseline -0.002 -27"><span class='ocrx_word' id='word_1_208' title='bbox 64 3336 101 3399; x_wconf 85' lang='lat' dir='ltr'><strong>et</strong></span> <span class='ocrx_word' id='word_1_209' title='bbox 116 3327 199 3423; x_wconf 88' lang='lat' dir='ltr'><strong>quia</strong></span> <span class='ocrx_word' id='word_1_210' title='bbox 214 3353 416 3426; x_wconf 88' lang='lat' dir='ltr'><strong>graecarum</strong></span> <span class='ocrx_word' id='word_1_211' title='bbox 434 3328 654 3402; x_wconf 83' lang='lat' dir='ltr'><strong>historiarum</strong></span> <span class='ocrx_word' id='word_1_212' title='bbox 671 3337 775 3425; x_wconf 84' lang='lat' dir='ltr'><strong>atque</strong></span> <span class='ocrx_word' id='word_1_213' title='bbox 792 3324 989 3398; x_wconf 83' lang='lat' dir='ltr'><strong>fabularum</strong></span> <span class='ocrx_word' id='word_1_214' title='bbox 1006 3326 1201 3421; x_wconf 79' lang='lat' dir='ltr'><strong>archivum,</strong></span> 
     </span>
     <span class='ocr_line' id='line_1_31' title="bbox 62 3428 1212 3526; baseline 0.003 -26"><span class='ocrx_word' id='word_1_215' title='bbox 62 3436 106 3501; x_wconf 84' lang='lat' dir='ltr'><strong>ut</strong></span> <span class='ocrx_word' id='word_1_216' title='bbox 129 3429 205 3525; x_wconf 89' lang='lat' dir='ltr'><strong>ipse</strong></span> <span class='ocrx_word' id='word_1_217' title='bbox 234 3430 303 3520; x_wconf 91' lang='lat' dir='ltr'><strong>ait,</strong></span> <span class='ocrx_word' id='word_1_218' title='bbox 338 3430 528 3504; x_wconf 87' lang='lat' dir='ltr'><strong>Leontium</strong></span> <span class='ocrx_word' id='word_1_219' title='bbox 555 3439 718 3526; x_wconf 86' lang='lat' dir='ltr'><strong>expertus</strong></span> <span class='ocrx_word' id='word_1_220' title='bbox 745 3438 838 3520; x_wconf 86' lang='lat' dir='ltr'><strong>erat,</strong></span> <span class='ocrx_word' id='word_1_221' title='bbox 876 3428 1008 3499; x_wconf 88' lang='lat' dir='ltr'><strong>idcirco</strong></span> <span class='ocrx_word' id='word_1_222' title='bbox 1033 3429 1070 3498; x_wconf 93' lang='lat' dir='ltr'><strong>in</strong></span> <span class='ocrx_word' id='word_1_223' title='bbox 1100 3453 1212 3526; x_wconf 83' lang='lat' dir='ltr'><strong>opere.</strong></span> 
     </span>
     <span class='ocr_line' id='line_1_32' title="bbox 61 3527 1205 3628; baseline 0.003 -27"><span class='ocrx_word' id='word_1_224' title='bbox 61 3551 129 3601; x_wconf 85' lang='lat' dir='ltr'><strong>suo</strong></span> <span class='ocrx_word' id='word_1_225' title='bbox 150 3527 388 3628; x_wconf 70' lang='lat' dir='ltr'><strong>mythologico</strong></span> <span class='ocrx_word' id='word_1_226' title='bbox 411 3529 456 3602; x_wconf 85' lang='lat' dir='ltr'><strong>od</strong></span> <span class='ocrx_word' id='word_1_227' title='bbox 479 3529 583 3628; x_wconf 85' lang='lat' dir='ltr'><strong>hujus</strong></span> <span class='ocrx_word' id='word_1_228' title='bbox 605 3529 759 3602; x_wconf 84' lang='lat' dir='ltr'><strong>hominis</strong></span> <span class='ocrx_word' id='word_1_229' title='bbox 777 3529 1015 3601; x_wconf 86' lang='lat' dir='ltr'><strong>auctoritatem</strong></span> <span class='ocrx_word' id='word_1_230' title='bbox 1039 3555 1205 3628; x_wconf 80' lang='lat' dir='ltr'><strong>persaepe</strong></span> 
     </span>
     <span class='ocr_line' id='line_1_33' title="bbox 61 3628 1200 3731; baseline 0.003 -30"><span class='ocrx_word' id='word_1_231' title='bbox 61 3643 243 3727; x_wconf 85' lang='lat' dir='ltr'><strong>provocat.</strong></span> <span class='ocrx_word' id='word_1_232' title='bbox 285 3632 409 3729; x_wconf 85' lang='lat' dir='ltr'><strong>Neque</strong></span> <span class='ocrx_word' id='word_1_233' title='bbox 424 3644 539 3705; x_wconf 90' lang='lat' dir='ltr'><strong>tamen</strong></span> <span class='ocrx_word' id='word_1_234' title='bbox 556 3629 688 3728; x_wconf 85' lang='lat' dir='ltr'><strong>aliquid</strong></span> <span class='ocrx_word' id='word_1_235' title='bbox 702 3629 872 3702; x_wconf 87' lang='lat' dir='ltr'><strong>Leontius</strong></span> <span class='ocrx_word' id='word_1_236' title='bbox 889 3628 1027 3702; x_wconf 83' lang='lat' dir='ltr'><strong>Pilatus</strong></span> <span class='ocrx_word' id='word_1_237' title='bbox 1044 3633 1200 3731; x_wconf 80' lang='lat' dir='ltr'><strong>scripsit,</strong></span> 
     </span>
     <span class='ocr_line' id='line_1_34' title="bbox 32 3730 1203 3833; baseline -0.005 -22"><span class='ocrx_word' id='word_1_238' title='bbox 32 3740 36 3755; x_wconf 94' lang='lat'><em>&#39;</em></span> <span class='ocrx_word' id='word_1_239' title='bbox 61 3739 151 3811; x_wconf 64' lang='lat' dir='ltr'><strong>tesstt</strong></span> <span class='ocrx_word' id='word_1_240' title='bbox 172 3733 249 3829; x_wconf 87' lang='lat' dir='ltr'><strong>ipso</strong></span> <span class='ocrx_word' id='word_1_241' title='bbox 273 3733 461 3807; x_wconf 86' lang='lat' dir='ltr'><strong>Boccatio:</strong></span> <span class='ocrx_word' id='word_1_242' title='bbox 491 3733 596 3831; x_wconf 75' lang='lat' dir='ltr'><strong>lup&#39;os</strong></span> <span class='ocrx_word' id='word_1_243' title='bbox 621 3755 686 3830; x_wconf 76' lang='lat' dir='ltr'><strong>epo</strong></span> <span class='ocrx_word' id='word_1_244' title='bbox 708 3730 847 3802; x_wconf 80' lang='lat' dir='ltr'><strong>nullam</strong></span> <span class='ocrx_word' id='word_1_245' title='bbox 870 3731 949 3803; x_wconf 83' lang='lat' dir='ltr'><strong>cidi</strong></span> <span class='ocrx_word' id='word_1_246' title='bbox 969 3757 1077 3830; x_wconf 73' lang='lat' dir='ltr'><strong>opus,</strong></span> <span class='ocrx_word' id='word_1_247' title='bbox 1105 3735 1203 3833; x_wconf 84' lang='lat' dir='ltr'><strong>quic·</strong></span> 
     </span>
     <span class='ocr_line' id='line_1_35' title="bbox 62 3831 1200 3933; baseline 0.002 -30"><span class='ocrx_word' id='word_1_248' title='bbox 62 3831 219 3929; x_wconf 80' lang='lat' dir='ltr'><strong>quidex</strong></span> <span class='ocrx_word' id='word_1_249' title='bbox 250 3860 292 3907; x_wconf 90' lang='lat' dir='ltr'><strong>co</strong></span> <span class='ocrx_word' id='word_1_250' title='bbox 320 3837 454 3926; x_wconf 84' lang='lat' dir='ltr'><strong>recito,</strong></span> <span class='ocrx_word' id='word_1_251' title='bbox 488 3835 534 3906; x_wconf 84' lang='lat' dir='ltr'><strong>ob</strong></span> <span class='ocrx_word' id='word_1_252' title='bbox 560 3858 602 3904; x_wconf 86' lang='lat' dir='ltr'><strong>eo</strong></span> <span class='ocrx_word' id='word_1_253' title='bbox 630 3834 712 3905; x_wconf 82' lang='lat' dir='ltr'><strong>oica</strong></span> <span class='ocrx_word' id='word_1_254' title='bbox 738 3856 824 3904; x_wconf 85' lang='lat' dir='ltr'><strong>voce</strong></span> <span class='ocrx_word' id='word_1_255' title='bbox 847 3858 886 3906; x_wconf 85' lang='lat' dir='ltr'><strong>rc</strong></span> <span class='ocrx_word' id='word_1_256' title='bbox 903 3845 1020 3907; x_wconf 79' lang='lat' dir='ltr'><strong>orente</strong></span> <span class='ocrx_word' id='word_1_257' title='bbox 1042 3835 1200 3933; x_wconf 80' lang='lat' dir='ltr'><strong>percepi.</strong></span> 
     </span>
     <span class='ocr_line' id='line_1_36' title="bbox 61 3834 1202 4057; baseline 0.004 -51"><span class='ocrx_word' id='word_1_258' title='bbox 61 3929 232 4052; x_wconf 74' lang='lat' dir='ltr'><strong>Leontius</strong></span> <span class='ocrx_word' id='word_1_259' title='bbox 263 3962 353 4057; x_wconf 76' lang='lat' dir='ltr'><strong>ergo</strong></span> <span class='ocrx_word' id='word_1_260' title='bbox 375 3937 516 4057; x_wconf 72' lang='lat' dir='ltr'><strong>Pilatus</strong></span> <span class='ocrx_word' id='word_1_261' title='bbox 547 3958 695 4056; x_wconf 72' lang='lat' dir='ltr'><strong>graecus</strong></span> <span class='ocrx_word' id='word_1_262' title='bbox 722 3932 850 4026; x_wconf 89' lang='lat' dir='ltr'><strong>homo,</strong></span> <span class='ocrx_word' id='word_1_263' title='bbox 883 3834 1063 4010; x_wconf 82' lang='lat' dir='ltr'><strong>latinitatis</strong></span> <span class='ocrx_word' id='word_1_264' title='bbox 1092 3961 1202 4056; x_wconf 87' lang='lat' dir='ltr'><strong>prope</strong></span> 
     </span>
     <span class='ocr_line' id='line_1_37' title="bbox 61 4038 1202 4231; baseline 0.003 -23"><span class='ocrx_word' id='word_1_265' title='bbox 61 4038 585 4212; x_wconf 64' lang='lat' dir='ltr'><strong>t‘tla‘t’stll¹¹t3tttt</strong></span> <span class='ocrx_word' id='word_1_266' title='bbox 600 4045 902 4231; x_wconf 64' lang='lat' dir='ltr'><strong>tlttttttz</strong></span> <span class='ocrx_word' id='word_1_267' title='bbox 933 4050 1202 4211; x_wconf 66' lang='lat' dir='ltr'><strong>{ttfltttt</strong></span> 
     </span>
    </p>
   </div>
   <div class='ocr_carea' id='block_1_4' title="bbox 61 4237 1203 4349">
    <p class='ocr_par' dir='ltr' id='par_1_5' title="bbox 61 4237 1203 4349">
     <span class='ocr_line' id='line_1_38' title="bbox 61 4237 1203 4349; baseline 0.005 -39"><span class='ocrx_word' id='word_1_268' title='bbox 61 4245 188 4337; x_wconf 82' lang='lat' dir='ltr'><strong>potest.</strong></span> <span class='ocrx_word' id='word_1_269' title='bbox 250 4239 397 4349; x_wconf 79' lang='lat' dir='ltr'><strong>Praeter</strong></span> <span class='ocrx_word' id='word_1_270' title='bbox 428 4262 533 4343; x_wconf 78' lang='lat' dir='ltr'><strong>quam</strong></span> <span class='ocrx_word' id='word_1_271' title='bbox 562 4237 659 4341; x_wconf 83' lang='lat' dir='ltr'><strong>quod</strong></span> <span class='ocrx_word' id='word_1_272' title='bbox 689 4237 1030 4317; x_wconf 70' lang='lat' dir='ltr'><strong>leontius-Pilatus</strong></span> <span class='ocrx_word' id='word_1_273' title='bbox 1063 4239 1203 4318; x_wconf 83' lang='lat' dir='ltr'><strong>sacculo</strong></span> 
     </span>
    </p>
   </div>
   <div class='ocr_carea' id='block_1_5' title="bbox 0 0 1313 4658">
    <p class='ocr_par' dir='ltr' id='par_1_6' title="bbox 0 0 1313 4658">
     <span class='ocr_line' id='line_1_39' title="bbox 0 0 1313 4658; baseline 0 0"><span class='ocrx_word' id='word_1_274' title='bbox 0 0 1313 4658; x_wconf 95' lang='lat' dir='ltr'><strong> </strong></span> 
     </span>
    </p>
   </div>
  </div>
 </body>
</html>
