2632 4658
136 136 225 285 'aa¹
423 130 666 270 uyuffl.
721 103 1068 245 roo-..rauss

35 324 38 331 Ι
88 421 100 448 1
135 349 199 423 bne
219 368 358 437 namque
377 345 522 417 consulto
542 345 734 437 intemplo,
765 346 853 437 quod
878 292 1049 416 tamdem
1069 347 1151 418 code
1171 347 1267 417 liobe

135 436 249 510 batur,
269 432 433 523 respondit
452 433 636 514 oraculum,
668 445 705 502 ut
731 434 764 501 in
785 446 895 502 monte
914 456 989 502 ossa
1009 437 1118 507 mauis
1139 457 1221 502 suae
1236 436 1266 503 in

48 584 49 588 ,
134 530 256 591 terram
270 519 475 609 projicerent
510 517 653 587 Proinde
672 540 792 607 magna
812 520 1021 606 ambiguitate
1040 522 1176 588 haerere
1197 541 1267 587 eoe-

75 632 77 642 <
135 616 272 694 perant,
323 626 385 671 uae
418 616 524 672 essem
550 626 625 671 ossa
662 606 772 673 matris
805 628 892 676 auae
935 604 1084 673 'Pandam
1108 605 1269 675 recordati

113 703 221 770 esunt,
239 711 294 778 qu¹
336 702 542 758 terraeorum
552 700 654 757 mater
668 701 765 771 esset,
785 701 818 758 et
829 700 942 780 petrae
960 714 1035 757 ossa
1046 701 1163 760 terrae.
1194 691 1268 760 Mon

134 775 237 928 {pitter
255 788 328 879 post
339 786 574 928 fpiergptutsasp
593 773 810 927 projiclipbapt
849 776 945 927 (puae
965 776 1145 930 Deuelplion
1165 774 1268 929 '‘¹¹³²‘ss

134 882 347 1015 multet
368 873 1267 1041 tttfittntttmat‘tattttntitttt

487 1128 583 1208 190.
635 1134 789 1213 Palici
822 1135 905 1211 dii.

93 1273 129 1325 to
220 1258 412 1350 Symaethus
439 1260 554 1329 fluvius
583 1273 634 1332 est
661 1262 789 1331 Siciliae
815 1261 902 1331 baud
922 1261 1020 1353 longe
1041 1264 1082 1331 ab
1101 1264 1185 1333 urbe
1205 1264 1268 1333 Ca·
1298 1309 1306 1354 ,

132 1345 265 1429 tineosi,
294 1345 380 1413 circa
400 1366 496 1434 quem
509 1348 710 1416 sunt'Palici
738 1349 801 1423 dii,
830 1370 965 1436 quorum
988 1349 1131 1419 talis-est
1152 1350 1267 1419 sabula.

131 1436 266 1500 Aetnam
278 1430 459 1521 Nympbam
474 1433 622 1521 Juppiter
636 1457 735 1524 quarn
750 1434 889 1502 vitiasset
900 1443 933 1501 et
946 1434 1076 1503 fecisset
1089 1431 1267 1522 mandam,

87 1596 90 1600 ⁵
132 1517 244 1586 timens
274 1517 450 1599 lunonem,
483 1518 660 1587 secundum
680 1518 854 1608 quosdam,
887 1519 1012 1593 'l'errae
1034 1519 1267 1591 commendarit

130 1602 231 1691 ipsam
247 1601 457 1706 puellam‚·et
473 1602 536 1670 illic
557 1605 650 1672 enixa
667 1617 725 1675 est
767 1602 953 1672 Secundum
973 1605 1070 1684 alios,
1099 1620 1175 1695 post
1195 1629 1268 1695 par-

90 1699 200 1761 ratum
227 1697 295 1781 epus
323 1688 419 1790 quum
450 1686 492 1753 de
520 1701 605 1757 terra
626 1693 804 1780 erupissent
824 1688 888 1755 duo
910 1690 1018 1779 pueri,
1052 1690 1177 1756 Palici
1197 1703 1268 1760 suut

133 1772 225 1853 dicti,
258 1795 347 1861 quast
377 1771 506 1838 iterum
534 1774 719 1842 venientes.
772 1774 817 1842 Hi
850 1774 952 1863 primo
981 1775 1126 1842 humanis
1158 1776 1266 1844 laosti'u

129 1859 355 1962 placabantur3
375 1866 496 1944 'postea
516 1859 705 2010 puibusdam
726 1863 825 1931 sacris
840 1859 976 1947 mitigati
994 1871 1078 1941 sunt,
1101 1870 1266 1933 eteorum

130 1955 296 2013 immutata
316 1941 480 2010 sacrificia.
537 1942 600 2023 deo
621 1960 727 2016 autem
747 1970 815 2014 orn
829 1943 1038 2034 placabilia,
1060 1945 1141 2035 quia·
1156 1968 1267 2015 eorum

130 2030 274 2123 mitigata
294 2039 369 2099 suut
387 2027 524 2096 numina.

54 2218 124 2280 ,29
150 2228 163 2238 ·’
251 2196 378 2275 stet.
432 2198 608 2277 Consus
643 2215 685 2276 et
717 2180 951 2279 circenses
986 2199 1097 2276 ludi.

213 2326 341 2396 Consus
363 2326 443 2398 deus
466 2342 516 2399 est
535 2330 756 2413 consiliorum
776 2329 828 2419 qui
838 2321 918 2397 ideo
936 2326 1088 2418 templum
1101 2327 1163 2401 sub
1180 2336 1265 2399 tecto

111 2411 259 2495 babuit,
288 2425 327 2482 ut
354 2415 571 2498 ostendatur„
587 2427 708 2485 tectum
737 2437 809 2483 esse
831 2414 950 2482 debere
969 2413 1142 2482 consilium.
1185 2413 1266 2482 Inde

129 2509 203 2581 est,
225 2498 313 2589 quod
334 2502 500 2582 stridet,
530 2523 634 2590 panno
658 2500 759 2580 velata
781 2523 892 2583 manu,
923 2499 1163 2579 sacrificabant,
1192 2500 1265 2587 quia

128 2584 211 2652 fides
231 2597 319 2655 tecta
341 2609 413 2655 esse
434 2587 541 2654 debet
573 2587 642 2655 Iste
661 2589 789 2656 Consus
810 2601 843 2654 et
862 2607 960 2674 eques
977 2582 1120 2670 Neptuni
1141 2581 1266 2653 dicitur.

86 2669 226 2739 2⁵Unde
245 2673 340 2757 etiam
366 2673 399 2737 in
420 2674 488 2762 ejus
510 2672 663 2740 bonorem
692 2673 853 2738 circenses
869 2669 1088 2738 celebrantur.
1131 2667 1264 2736 Circen-

128 2779 181 2825 ses
210 2768 318 2824 autem
346 2753 422 2822 dicti
451 2756 500 2822 rel
528 2757 740 2836 adtonita,
772 2757 821 2824 vel
846 2755 933 2847 quod
964 2754 1020 2820 ubi
1048 2772 1134 2827 nnnc
1159 2765 1265 2821 anetae

127 2852 220 2921 sunt,
243 2840 315 2908 olim
336 2840 435 2928 gladii
445 2845 673 2992 ponebantur,
702 2864 782 2933 quos
800 2840 1008 2908 circuibant.
1049 2837 1137 2907 Dicti
1157 2849 1264 2910 auteur

122 2925 287 2997 circenses
307 2927 349 2995 ab
369 2927 445 2993 enai
465 2950 524 3010 ua,
554 2928 651 2995 circa
674 2949 755 3017 quos
776 2930 957 2996 currebant

136 3087 139 3092 .
195 3121 290 3200 192.
314 3228 318 3245 Ι
343 3124 577 3204 Hercules
613 3138 655 3205 et
688 3124 1012 3228 Olympiadem
1046 3121 1197 3198 ludus.

84 3276 122 3328 aa
209 3252 369 3323 Hercules
383 3264 416 3324 et
432 3253 544 3323 milites
561 3252 629 3344 ejus
646 3263 868 3341 pugnaverunt
882 3226 1026 3404 primitus
1043 3273 1142 3342 super
1161 3272 1262 3342 equos

120 3341 213 3433 juxta
233 3340 405 3432 Olympum
426 3352 575 3417 montem.
616 3338 708 3413 Quos
724 3336 865 3406 videntes
906 3349 991 3406 ostes
1013 3338 1149 3426 alonge
1166 3360 1264 3429 super

126 3444 256 3516 «aluos,¹
275 3424 481 3495 crediderunt
507 3427 689 3495 Oenmuros
716 3446 805 3504 esse,
834 3435 867 3492 et
893 3425 1064 3513 stupefacti
1092 3425 1123 3491 in
1148 3422 1262 3512 fugam

125 3515 208 3581 versi
235 3524 318 3583 sunt
360 3513 413 3580 Et
435 3511 509 3578 ideo
542 3509 701 3577 Hercules
728 3510 771 3575 ibi
798 3508 889 3577 ludos
917 3509 1059 3580 instituit.
1101 3509 1262 3579 Hercules

126 3599 210 3666 enim
233 3596 321 3688 apud
338 3600 485 3669 Graecos
506 3595 623 3664 virtute
643 3592 794 3676 sollemni,
817 3595 1003 3664 multimodo
1020 3616 1116 3664 cursu
1129 3594 1262 3684 pedum,

82 3685 190 3760 assub
224 3706 289 3752 uno
321 3683 479 3764 anhelitu,
511 3682 635 3750 tertiam
666 3694 790 3770 partem
817 3681 960 3764 miliaria,
994 3679 1028 3747 id
1060 3692 1110 3749 est
1138 3681 1264 3749 CXXV

124 3790 256 3925 liiii?
281 3766 1263 3924 ttttfflttttbttltttt⁰⁰ltltiltttm'lt‘tltt

242 3906 251 3924 ·
1041 3900 1051 3933 a

38 4014 40 4021 s
123 3942 268 4022 scilicet‚,
292 3963 388 4008 eursu
408 3933 559 4029 peract03
587 3950 621 4007 et
648 3950 699 4006 est
720 3937 857 4007 stadium
886 3947 1001 4005 octava
1026 3959 1101 4025 pars
1129 3938 1261 4006 miliarii.

122 4016 247 4100 Postea
266 4024 309 4094 ad
327 4026 531 4095 imitationem
552 4024 702 4091 Herculis
722 4023 816 4092 ludus
837 4032 886 4091 est
903 4024 1073 4104 institutus,
1094 4022 1262 4114 Olympias

34 4135 37 4150 ’
82 4113 238 4190 nedictus.
267 4114 435 4217 Olympias
454 4110 622 4178 dicebatur
639 4122 765 4200 tempus
782 4110 828 4176 IV
844 4131 1014 4191 annorum,
1033 4107 1189 4198 siquidem
1205 4132 1262 4176 ex-

124 4201 217 4292 pletis
234 4198 324 4269 suuis
339 4201 462 4301 tribuat
478 4218 562 4265 anm
578 4207 693 4286 quarto
708 4196 853 4264 semente
867 4194 1089 4265 celebrabatur
1109 4195 1262 4266 festinam
