2632 4658
359 87 542 239 sajum.
567 137 640 211 ιιι.
694 135 736 211 ι.
790 136 933 258 a-c.
1140 139 1219 218 san

80 322 236 413 Pingitur
263 321 376 402 edam,
414 320 502 411 quod
554 320 704 390 raecedat
733 323 818 390 Juno
844 323 1004 390 Venerem
1032 324 1064 391 br
1093 315 1219 413 nuptils,

80 410 159 498 quia
180 420 254 476 aute
274 417 325 474 eat
344 408 480 476 lunonis
501 432 523 474 o
560 407 646 475 oium
665 408 937 507 inimatrlmouio,
966 421 1039 498 post
1067 410 1101 477 in
1132 412 1219 481 coitu

80 519 161 563 usus
183 516 345 563 venereus.
1291 534 1293 539 ·

163 582 197 646 b.
240 581 351 657 Haeo,
378 589 414 649 ut
443 577 488 646 alt
511 575 724 663 Fulgentius,
754 575 828 647 ideo
855 579 888 646 ln
911 579 1053 648 Aeneide
1075 580 1217 660 Aeolum

81 687 199 752 regem
239 674 414 731 ventorum.
436 663 533 751 petit,
579 673 617 730 ut
648 660 798 751 Trojanis
826 663 1031 753 naufragium
1049 665 1241 755 importetc

80 752 177 841 eique
200 749 366 837 Deiopeae
395 747 581 837 conjugium
608 746 763 836 spondet,
802 749 875 837 quia
906 750 1112 838 naufragium
1140 750 1216 817 illud
1250 832 1254 839 1

79 837 113 903 ἰιι
142 833 276 902 modum
297 833 425 937 ponitur
446 832 646 922 periculosae
667 834 852 916 nativitatis,
885 835 918 902 ia
946 860 1011 925 qua
1038 848 1071 902 et
1098 848 1216 903 mater-
1304 893 1306 899 .

80 944 160 987 uum
176 917 382 1010 estparrendi
398 918 615 1007 dispendium,
637 930 670 987 et
689 919 844 987 intantum
865 923 1014 991 nascendi
1033 921 1216 1009 periculum.

79 1004 180 1159 Opdod
206 1018 243 1073 ut
269 1005 440 1072 evidenter*
460 1004 634 1091 intelligas,
669 1006 837 1072 alunone
865 1006 994 1095 quidem
1021 1019 1071 1074 est
1094 1019 1214 1097 partus,

79 1115 98 1159 a
164 1090 207 1159 ad
227 1091 432 1177 naufragium
452 1102 635 1176 generatur.
665 1090 750 1158 Nam
770 1091 904 1158 Aeolum
923 1093 1068 1160 immittit.
1095 1093 1258 1161 Aeolusto

79 1186 191 1245 autem
218 1177 308 1265 quasi
336 1171 505 1252 Αἰωνελὸς
531 1174 663 1240 saeculi
690 1175 857 1241 interitus
891 1178 1147 1266 iuterpretatur·
1174 1180 1213 1247 Iu

77 1263 142 1329 bac
162 1262 246 1328 euim
265 1262 459 1329 necessitate
481 1260 693 1327 universaliter
712 1261 884 1328 humanum
908 1285 1013 1350 genus
1032 1263 1211 1331 involvitur.

77 1347 229 1447 Denique
256 1359 291 1415 et
318 1347 417 1414 Aeolo
443 1346 623 1435 Deiopeam
650 1346 823 1432 promittit;
855 1348 963 1434 δῆμος
982 1349 1065 1415 enim
1085 1351 1214 1417 Graece

74 1426 275 1520 publicum,
298 1426 469 1520 dnni'vero
488 1431 609 1497 vestm
633 1431 681 1496 vel
701 1431 789 1498 visio
810 1431 933 1499 dicitur.
963 1434 1056 1522 Ergo
1080 1457 1213 1501 nascen-
1288 1459 1296 1467 ·

78 1517 167 1585 tibus
189 1516 368 1585 'inmundo
392 1515 557 1584 saeculare
577 1526 628 1583 est
648 1515 799 1583 nascendi
820 1517 1013 1604 periculum;
1045 1519 1135 1608 cujus
1164 1531 1257 1589 ta-lt

77 1624 154 1669 men
181 1601 351 1671 nativitatis
379 1601 568 1691 perfectioni
597 1601 772 1688 publicae
799 1604 862 1668 dea
891 1616 1000 1692 partus
1023 1606 1215 1694 promittitur
1271 1663 1274 1666 ,

79 1687 169 1753 visio.
209 1689 369 1757 Juuonem
394 1688 592 1755 nihilomiuus
617 1685 794 1754 divitiarum
827 1692 955 1777 quoqu‘e
980 1702 1127 1758 asserunt
1155 1691 1214 1757 do-

78 1773 216 1856 miuum3
242 1772 330 1841 uude
358 1786 484 1843 etcum
509 1783 638 1876 sceptro
661 1795 733 1840 eam
753 1772 947 1859 depingunt,
978 1775 1066 1864 quod
1088 1774 1215 1844 divitiae
1289 1773 1298 1787 ‘

77 1858 191 1946 reguis
212 1859 275 1929 sint
294 1860 467 1962 proximae.
510 1857 677 1932 Qut-enim
698 1858 811 1924 divitiis
832 1858 995 1941 abundat,
1027 1861 1149 1929 lucilius
1171 1862 1214 1929 ad

77 1965 219 2030 regnum
237 1956 365 2032 aspirat
395 1944 482 2011 Ideo.
499 1965 572 2009 eam
590 1943 696 2030 capite
716 1943 820 2010 relato
863 1958 972 2025 cnunt,
993 1947 1080 2047 quod
1100 1967 1254 2021 omuesuo

79 2027 209 2097 diutine
238 2030 425 2118 plerumque
453 2038 527 2096 sunt
541 2026 772 2095 *absconditae
863 2052 933 2095 eam
970 2041 1066 2097 etrum
1096 2038 1212 2119 'partus
1275 2064 1279 2069 ·

78 2112 189 2182 volunt
219 2136 308 2196 cum,
339 2115 415 2203 quia
435 2114 562 2183 divitiae
580 2113 671 2202 quasi
691 2125 1015 2200 praegnantessunt.
1057 2115 1143 2181 Nam
1164 2115 1212 2181 di-
1263 2150 1266 2157 ·

76 2200 160 2267 uitiis
191 2221 292 2271 novae
312 2222 444 2288 semper
471 2199 599 2267 divitiae
627 2210 833 2285 generantur.
876 2197 945 2266 Sed
975 2210 1008 2265 et
1034 2197 1126 2288 ipsae
1141 2200 1212 2290 :ple

80 2307 220 2387 rumque
243 2286 420 2365 abortiunt,
442 2284 596 2372 simulque
616 2304 686 2350 sors
712 2295 746 2350 et
764 2280 854 2350 lucra
877 2284 1062 2371 depereunt.
1103 2287 1212 2354 Palo·
1280 2303 1282 2307 ·

77 2393 155 2436 nem
167 2393 200 2436 ru
212 2395 271 2439 sua
282 2372 379 2438 habet
391 2371 506 2450 tutela,
526 2370 600 2457 quia
613 2367 744 2435 divitum
758 2369 820 2435 vita
837 2382 1006 2436 ornatuum
1017 2393 1143 2459 semper
1155 2393 1254 2460 ap-as

77 2467 192 2545 petens
220 2468 284 2541 est-q
307 2457 366 2523 Et
385 2457 468 2523 sicut
487 2478 576 2544 pavox
590 2452 746 2521 stellatum
766 2452 890 2520 caudae
905 2477 1075 2521 curvamen
1093 2480 1214 2524 couca-

76 2563 158 2608 vans
180 2537 340 2611 anteriora
361 2554 468 2622 ornat,
496 2540 674 2627 posteriora
702 2560 777 2604 vero
799 2539 933 2627 turpiter
953 2539 1071 2621 nudat,
1088 2543 1143 2610 ‘ita
1165 2543 1213 2608 di-

77 2626 174 2694 vitiae
201 2641 235 2695 et
262 2626 365 2715 gloria
393 2627 563 2699 saecularis
587 2624 819 2692 momentaliter
841 2624 970 2712 quidem
990 2640 1124 2708 ornant,
1154 2651 1213 2715 po-

63 2722 199 2779 stremo
227 2734 302 2779 vero
330 2733 411 2801 quos
443 2722 633 2803 ornaverant
659 2709 762 2776 nudos
791 2711 979 2797 relinquunt
1022 2712 1118 2778 Unde
1166 2716 1214 2779 ui-

78 2796 172 2877 dam,
192 2796 347 2883 reliqua,
367 2799 431 2871 ait,
451 2796 642 2881 considero.
685 2795 730 2864 Et
750 2794 919 2863 Salomon:
960 2797 1005 2863 Ic
1034 2737 1257 2883 obiculas-30

52 2948 54 2953 ,
78 2882 191 2949 minio
212 2882 361 2953 nudatio
382 2903 524 2969 operum
542 2880 628 2968 ejus.

165 2967 197 3033 6.
238 2966 318 3032 ldeo
343 2978 449 3033 autem
470 2966 545 3033 Irim
568 2965 642 3031 huic
662 2960 858 3065 adjungunt,
891 2964 966 3053 quia
987 2965 1069 3032 sicut
1088 2964 1140 3032 illa
1161 2987 1214 3032 or-

74 3061 176 3120 natus
205 3052 307 3119 varios
340 3051 493 3139 pingens,
526 3046 924 3136 momentalntcrrebrgit,
952 3051 1052 3118 itaet
1075 3049 1213 3133 fortuna,

79 3136 223 3225 quamvis
243 3136 457 3224 adpraesens
477 3145 608 3216 oruata,
627 3146 742 3202 ttamen
771 3143 821 3199 est
840 3135 984 3221 fugitiva.
1028 3136 1115 3201 Sane
1135 3136 1213 3202 Irim

76 3212 172 3310 quadi
192 3226 280 3309 ἔριν,
300 3220 335 3288 id
355 3234 406 3290 est
424 3232 598 3287 certamen
621 3217 760 3286 nonnulli
779 3217 897 3287 dictam
919 3220 1045 3300 roluut,
1073 3219 1255 3309 ideoquene

77 3306 154 3375 curri
174 3307 292 3374 Junoui
310 3305 389 3376 dant
409 3305 575 3385 famulam,
603 3305 691 3394 quod
720 3328 760 3371 ex
786 3304 963 3373 divitiarum
993 3327 1116 3374 veneno
1139 3329 1212 3394 per·
1235 3344 1243 3354 =

77 3413 180 3482 saepe
207 3393 381 3461 certamina
413 3404 446 3460 et
472 3390 650 3459 ¹seditiones
691 3390 844 3458 oriuntur.
903 3392 992 3457 Hinc
1020 3402 1086 3471 est,
1124 3390 1213 3479 quod

76 3478 141 3547 Iris
173 3474 216 3544 ad
244 3477 435 3555 discordiam
463 3475 741 3555 commovendam,
772 3474 952 3543 Mercurius
974 3497 1050 3542 vero
1071 3474 1112 3542 ad
1135 3499 1213 3543 cou-

75 3561 224 3631 cordiam
244 3563 439 3652 frequentius
461 3562 602 3630 mittitur.
642 3562 801 3628 lunonem
819 3558 914 3627 etiarn
930 3560 1072 3647 plerique
1093 3582 1211 3650 regno·
1249 3639 1255 3655 .

74 3671 152 3717 rum
167 3647 267 3716 ‘deam
286 3648 403 3717 volunt.
445 3646 543 3715 Unde
564 3656 597 3714 et
617 3645 700 3712 lranc
720 3641 860 3711 fabulam
882 3646 1079 3731 confingunt.
1119 3647 1255 3720 laicum

77 3733 216 3803 Jnuonis
236 3733 420 3822 conjugium
442 3732 546 3820 petiit3
573 3731 626 3797 illa
654 3730 771 3797 nubem
792 3730 824 3796 iu
846 3730 985 3818 speciem
1006 3752 1096 3799 suam
1118 3754 1212 3800 orna·

69 3821 145 3901 nit,
174 3841 248 3885 cum
274 3842 338 3908 qua
355 3820 458 3905 'Ixion
486 3818 596 3884 coiens
625 3818 807 3883 Centauros
834 3816 957 3901 genuit.
997 3816 1082 3883 Juno
1103 3819 1212 3905 igitur,

78 3917 120 3973 ut
140 3903 291 3984 diximus,
321 3903 384 3971 dea
405 3926 579 3991 regnorum
603 3914 671 3980 est;
699 3901 789 3967 Ixion
819 3898 957 3988 dignitas
977 3901 1213 3990 interpretatur.

77 3990 120 4059 In
140 3990 213 4055 hac·
227 3989 302 4056 vero
323 3990 386 4057 rita
409 3987 569 4076 quaelibet
584 3985 746 4073 dignitas,
766 3983 804 4056 id
818 3999 869 4052 est
882 3988 1094 4075 quantaelibet
1110 3988 1214 4078 digni-

77 4075 157 4144 tatis
178 4097 315 4162 persona
334 4096 472 4163 reguum
493 4073 665 4154 affectans,
695 4069 812 4139 nubem
840 4084 962 4140 tuntum
989 4086 1146 4156 moretm,
1183 4072 1257 4146 idun

81 4173 135 4233 eat
163 4161 323 4231 horariam
349 4161 442 4249 regni
469 4157 709 4231 similitudmem.
760 4154 841 4227 lllud
876 4158 959 4240 euim
990 4181 1127 4248 reguum
1157 4173 1214 4240 est,
