2632 4658
378 183 561 286 nynoffe
588 183 621 259 ι.
675 182 882 279 ao-aa.
1148 116 1214 268 aa

280 364 350 442 50.
402 364 634 444 Hercules
671 380 715 444 et
748 367 979 448 Alcmena.
1070 424 1073 429 -

144 494 298 563 Herculis
320 503 411 580 ortus
432 494 494 564 fait
513 494 592 563 talis.
634 494 784 584 Jappiter
811 519 885 567 oum
906 498 1073 583 Alcmena,
1101 523 1201 572 uxore

54 582 313 671 Amphitryonis,
332 583 366 649 in
386 581 496 671 specie
513 580 582 672 ejus
603 582 772 665 concubit3
793 604 833 650 ex
855 607 918 674 qua
938 600 1030 657 natus
1049 597 1098 657 est
1115 592 1200 658 Her·
1286 593 1293 606 ⁸

56 668 155 742 cules.
201 666 304 755 Cujus
331 679 368 735 ut
398 676 487 735 ortus
507 666 624 734 Junoni
646 666 766 736 celatus
790 682 893 753 esset,
925 695 1010 760 quae
1038 686 1129 742 natos
1157 674 1201 742 <le

46 796 53 821 -.
98 753 225 820 ilicibus
246 752 321 847 odio
349 753 478 832 habuit,
511 753 675 855 geminata
706 763 757 821 est
788 774 860 822 uox.
911 757 979 825 Sed
1032 783 1106 827 uum
1135 769 1224 828 non⁵

68 840 205 906 aluisset
236 839 414 920 Junonem,
447 837 575 906 immisit
607 835 688 904 duos
723 861 761 906 se
801 850 906 921 ntes,
941 844 996 933 qui
1061 845 1201 913 erculem

56 923 252 991 devorarent
271 925 304 990 in
327 924 416 990 cunis
430 921 602 1012 jacentem.
644 923 750 990 Erant
792 947 834 990 uo
858 929 965 1015 pueri,
993 929 1129 1018 Iphicles
1158 930 1202 998 de

56 1011 303 1101 Amphitryone,
331 1008 556 1077 Hercules'de
575 1009 665 1076 Jove.
706 1007 862 1096 Iphicles,
893 1014 934 1079 ab
965 1012 1103 1083 adventu
1133 1038 1201 1082 eer-

56 1098 202 1247 pentium
229 1096 376 1171 territus,
406 1093 449 1160 de
476 1096 565 1162 cunis
594 1092 727 1175 cecidit,
761 1105 794 1162 et
825 1097 935 1183 vagitu
964 1122 1024 1165 suo
1052 1113 1201 1191 parentes

79 1182 253 1248 ormientes
265 1179 421 1249 excitarit.
450 1180 514 1255 Qui
534 1194 704 1270 surgentes
726 1178 876 1249 viderunt·
883 1183 1058 1254 Herculem
1075 1209 1199 1274 angues
1209 1204 1243 1255 lo

50 1267 247 1350 elidentem,
276 1278 310 1336 et
330 1265 375 1334 eis
395 1272 529 1355 guttura
552 1266 799 1354 praefocantem.
861 1320 865 1329 .

161 1441 167 1449 Ι
234 1466 303 1545 51.
356 1468 585 1544 Hercules
628 1477 671 1561 et
707 1467 898 1542 Nemeus
937 1471 1020 1544 leo.
1158 1495 1161 1503 ’

41 1608 46 1627 “
119 1670 122 1675 ,
141 1599 302 1668 Hercules
324 1597 437 1702 missus
458 1597 500 1699 ab
521 1594 724 1698 Eurystheo,
753 1593 984 1699 Thebanorum
1006 1617 1105 1687 rege,
1134 1596 1202 1664 Ne.

53 1686 317 1843 ffiuffiefflssfn
344 1681 522 1764 interfecit,
553 1702 642 1770 cujus
663 1679 747 1769 pelle
768 1702 843 1749 cam
864 1684 1106 1771 nngubuspro
1127 1706 1242 1834 spc-¹⁶

421 1923 490 1999 52.
545 1923 832 2000 Molorchus.

141 2032 333 2123 Molorchus¹
348 2051 477 2143 quidam
496 2062 606 2139 pastor
625 2050 702 2132 luit,
731 2051 785 2138 qui
807 2049 1001 2130 Herculem,
1023 2054 1200 2124 venientem

53 2143 98 2212 ed
118 2143 280 2211 Nemeum
298 2141 423 2208 leonem
445 2135 675 2218 occidendum,
705 2135 877 2205 liberaliter
896 2138 1048 2227 suscepit.

320 2351 389 2426 55.
441 2350 567 2451 Eryx
604 2354 650 2422 et
680 2304 927 2423 Herculea.

140 2481 231 2570 Eryx
251 2480 385 2548 Veneris
408 2488 442 2546 et
461 2478 569 2545 Butae
588 2473 670 2543 filius
691 2474 760 2543 luit
789 2476 872 2556 Qui,
903 2476 1030 2544 occisus
1051 2474 1094 2540 ab
1108 2474 1241 2549 Her-eo

54 2567 147 2648 cale,
176 2590 216 2633 ex
237 2564 407 2654 sepultura
428 2586 487 2631 sua
509 2561 608 2630 monti
630 2583 745 2646 nomen
766 2560 936 2650 imposuit,
965 2563 997 2627 in
1019 2583 1084 2648 quo
1104 2561 1198 2629 hratrl

53 2655 180 2720 fecerat
207 2651 377 2740 templum,
407 2648 496 2738 quod
514 2652 645 2717 Aeneae
665 2646 797 2716 ascribit
816 2652 929 2736 poeta:
968 2645 1060 2715 tum
1080 2644 1198 2719 vicina
1224 2672 1227 2678 ·

52 2732 165 2807 aetris'
186 2737 339 2826 Erycino
360 2739 400 2801 in
421 2734 550 2803 vertice
570 2731 678 2800 aedes.

126 2952 128 2957 ’
197 2950 266 3027 aa.
319 2886 1049 3025 HerculesetCiminoelaeus.
1119 3034 1124 3041 Ι

139 3077 301 3147 Hercules
335 3070 504 3163 aliqnando
535 3068 621 3136 venit
651 3069 694 3137 ad
730 3070 882 3160 populos,
921 3073 985 3160 qui}
1006 3071 1238 3164 dicebantnrpe

10 3228 12 3233 ,
55 3166 172 3234 Cimini
198 3164 247 3231 vel
276 3189 296 3233 a
326 3173 435 3230 monte
463 3157 511 3225 vel
536 3153 657 3256 alaeu.
699 3156 745 3225 Et
765 3179 863 3245 quum
883 3180 904 3224 a
925 3157 1058 3244 singulis
1080 3178 1227 3247 provo-¹

54 3264 183 3319 caretur
213 3249 255 3317 ad
287 3244 517 3317 ostendendam
546 3250 709 3322 nrtutem,
743 3239 896 3311 defixisse
927 3243 1042 3311 dicitur
1070 3256 1196 3312 vectem

53 3334 213 3418 ferreum,
234 3359 298 3424 quo
321 3335 538 3401 exercebatur.
569 3326 635 3401 Qui
655 3350 753 3415 quum
773 3339 881 3396 terrae
894 3341 979 3396 esset
995 3329 1114 3394 affixus
1126 3339 1195 3395 eta

35 3424 138 3513 3nullo
169 3434 279 3510 posset
306 3419 444 3500 auferri,
480 3439 554 3483 eum
581 3425 716 3498 rogatus
746 3413 889 3494 sustulit3
925 3413 1012 3479 unde
1040 3415 1195 3483 immensa

52 3511 98 3577 ris
118 3507 468 3597 aquarumaubsecuta
487 3517 557 3584 est,
584 3520 668 3586 quae
689 3497 849 3565 (liminum
870 3498 977 3566 lacum
999 3498 1086 3567 lecit.
1168 3563 1174 3576 ,
1198 3514 1235 3566 ao

181 3674 197 3799 ,Ι
278 3662 347 3791 bh.
399 3710 603 3788 Antaeus
637 3722 684 3785 et
714 3708 990 3799 Herculea·

135 3849 275 3914 Antaeus
298 3844 359 3911 suit
377 3860 434 3907 rex
454 3838 596 3926 Libyae,
625 3837 706 3905 filius
727 3838 863 3904 'l'errae
904 3833 956 3904 nd
977 3857 1074 3924 quem
1093 3857 1192 3926 quum

51 3932 190 4001 venisset
218 3931 393 4008 Hercules,
424 3925 531 4013 coepit
559 3946 632 3990 cum
654 3948 694 3990 eo
714 3921 845 4004 luctari,
878 3921 938 3989 sed
968 3944 1032 3989 non
1063 3933 1191 4011 poterat

50 4042 125 4085 eum
149 4040 316 4107 superare.
338 4013 504 4099 Fingebat
523 4011 606 4083 enim
627 4034 663 4077 se
684 4008 820 4077 cadere:
856 4021 890 4076 at
919 4030 959 4074 ex
978 4018 1082 4075 matre
1103 4022 1190 4075 terra

50 4106 133 4173 vires
164 4106 327 4183 sumebat,
360 4112 395 4169 et
419 4096 546 4173 fortior¹
562 4099 727 4184 surgebat.
755 4096 845 4173 ‚Hoc
873 4115 1074 4181 cognoscens
1102 4095 1232 4169 Her-35

50 4190 155 4275 cales,
182 4208 373 4280 suspensum
392 4184 425 4253 io
447 4188 541 4267 aire,
566 4183 651 4253 eliso·
665 4191 816 4272 gutture,
841 4180 1017 4251 suffocavit.

720 4295 780 4362 2.
