2632 4658
79 16 137 150 ao
292 181 297 203 ‚
395 71 578 175 ntpmgr
606 73 650 144 1..
694 68 904 169 aro-oa.
1068 93 1071 101 ·

143 257 211 334 56.
266 256 514 358 nardulus,
562 255 790 343 Aleluons
818 269 867 332 et
902 255 1149 360 Harpyiae.

163 380 329 467 dloiuous,
358 385 544 452 Phaeacum
569 406 647 464 rex,
687 384 856 473 laborabat
882 385 924 451 ab
950 385 1111 476 Harpyiis.
1164 386 1213 455 Ad

78 496 173 562 quem
200 471 358 544 Hercules
380 468 525 550 veniens,
557 492 655 559 quum
675 469 741 564 boc¹
769 471 968 622 apporiaset,
1002 471 1234 562 praestolatus

79 574 129 628 est
150 580 260 625 earum
292 555 482 635 adrentum,
517 552 560 622 ad
591 578 733 637 mensam
765 558 857 624 solta
885 576 974 621 more
1005 559 1212 639 venientium

55 660 159 796 apppp
189 643 365 796 rulnetratas
395 637 533 729 reppulit
559 662 722 729 arogno,
757 641 828 711 Has
857 641 990 709 Ovidius
1022 643 1213 736 διζγιιιρὴιι-1

91 753 102 794 ι
153 751 271 796 avoca
494 750 496 755 ⁴
706 762 707 769 ι

289 892 358 969 57.
411 850 716 985 Herculeset
749 848 991 972 Cerberus.
1103 961 1110 969 .

158 1024 335 1104 Hercules,
369 1022 411 1091 ad
443 1023 563 1091 inferos
600 1020 798 1091 descendens
844 1035 993 1112 raptums
1034 1016 1217 1108 Theseum,

29 1112 36 1133 ’
73 1111 198 1193 timult,
236 1133 278 1177 ne
309 1109 491 1185 Cerberus,
529 1108 560 1174 in
595 1107 679 1174 illum
714 1110 885 1190 transiens,
924 1108 1081 1174 laceraret
1117 1106 1210 1173 illum.

32 1195 281 1285 loQuapropter
316 1194 467 1261 insiliens¹
485 1195 516 1259 in
549 1194 745 1276 Cerberum,
760 1210 764 1229 ¹
780 1194 874 1263 traxit
906 1216 979 1260 eum
1014 1190 1055 1258 ab
1089 1191 1210 1273 inferis.

74 1281 246 1370 Quumque
277 1272 433 1348 insolitam
459 1277 562 1366 lucem
590 1277 718 1348 vidisset
738 1302 943 1369 superorum,
978 1299 1123 1368 spumam
1152 1300 1210 1344 ore

73 1367 184 1456 ejecit,
206 1390 245 1434 en
266 1388 370 1454 eaque
391 1384 505 1453 spuma
525 1363 640 1430 dicitur
663 1377 736 1432 nata
761 1367 857 1433 scisse
888 1364 989 1432 herba
1016 1363 1209 1442 venenifera,

73 1454 199 1519 nomine
227 1452 396 1521 aconitum.
446 1449 531 1516 Nam
561 1448 724 1517 Cerberus
751 1463 837 1518 terra
865 1460 930 1527 ast,
958 1469 1042 1537 qnae
1070 1449 1210 1516 omnium

73 1559 244 1627 corporum
286 1533 480 1604 consumtrix
519 1547 578 1602 est.
642 1534 737 1602 Unde
775 1537 936 1604 Cerberos
971 1534 1101 1602 dicitur.
1120 1535 1208 1625 quasi

31 1617 269 1718 lotprofto'poe,
298 1620 332 1689 id
355 1632 403 1688 est
424 1641 565 1686 carnem
585 1642 720 1690 corona.

153 1804 221 1882 58.
274 1805 527 1895 Hercul-es,
565 1806 807 1901 Deianira,
850 1804 1036 1882 Oeneus
1081 1818 1128 1883 et

479 1905 770 1982 ¹Centaurus.

156 2037 306 2117 Oeneus,
332 2035 525 2104 Parthaonis
545 2035 642 2117 filius,
664 2060 720 2105 rex
742 2037 899 2118 Aetoliae,
921 2036 1077 2124 regnique
1097 2030 1208 2104 sedem

72 2123 194 2190 babens
213 2123 245 2188 in
261 2120 446 2211 Calydone,
467 2120 650 2191 Deianiram
671 2123 764 2190 filiam
785 2123 913 2203 habuit,
935 2143 1029 2226 quam
1049 2119 1208 2186 Hercules

30 2223 106 2276 acet
136 2207 291 2297 Alpheus,
324 2207 379 2296 qni
409 2218 443 2274 et
471 2203 645 2288 Achelous,
674 2208 750 2275 dum
779 2221 926 2297 peterent
950 2230 983 2275 m
1013 2205 1208 2295 conjugium,

71 2305 165 2399 pater
183 2290 333 2381 opposuit
352 2288 410 2358 illis
431 2290 514 2358 banc
534 2290 659 2379 legem,
681 2306 717 2362 ut
735 2295 869 2361 invicem
891 2293 1128 2369 conluctantes,
1153 2292 1208 2379 qui

19 2382 25 2394 '
70 2403 104 2447 m
126 2378 298 2446 conamina
316 2375 449 2445 alterum
465 2377 628 2455 ‘vincerem
650 2378 701 2445 ille
719 2379 900 2447 Deianiram
918 2375 1207 2446 uxoremdueeret

71 2466 136 2540 Qui
157 2485 254 2553 quum
274 2473 436 2536 uemamen
453 2462 587 2542 inirent,
616 2465 792 2544 Aelrelous,
815 2467 962 2553 magicae
984 2463 1061 2528 artis
1083 2473 1207 2549 potens,

72 2553 105 2616 in
137 2550 240 2616 varias
269 2570 306 2616 se
339 2547 478 2615 ferarum
509 2547 628 2614 formas
659 2552 806 2626 mutavitt
845 2564 878 2621 et
906 2548 1034 2618 taudem
1063 2548 1094 2612 in
1123 2547 1207 2614 tauri

30 2637 214 2788 respeciem
243 2643 397 2714 mutatus,
428 2634 469 2699 ab
500 2633 641 2700 Hercule
669 2647 719 2703 est
738 2637 857 2717 victua,
885 2647 918 2703 et
939 2635 1084 2702 dextrum
1105 2654 1207 2700 cornu

72 2723 246 2790 ascissum
284 2718 504 2808 proturbatum
540 2731 597 2786 est.
660 2720 757 2797 Quod
794 2721 963 2810 Nymphae
1001 2719 1206 2808 accipientes,

9 2878 11 2883 Α
71 2808 238 2875 Fortunae
253 2826 316 2956 ppo
338 2803 423 2871 dono
446 2803 641 2873 obtulerunt:
669 2805 756 2895 quod
778 2804 923 2875 Fortuna
946 2806 1091 2871 omnibus
1115 2806 1206 2872 bonis

71 2891 222 2980 implens,
285 2889 394 2980 opiae,
422 2890 582 2958 ministrae
603 2914 696 2975 snae,
725 2891 870 2972 tradidit,
902 2902 939 2961 ut
959 2914 1038 2979 quos
1057 2891 1207 2956 Fortuna

75 2977 185 3045 lovere
212 2974 322 3055 vellet,
355 2975 448 3042 coia
475 2975 533 3043 illis
560 2975 674 3042 eainde
699 2975 740 3043 ad
789 2976 893 3045 lenum
917 2987 1068 3043 manaret
1097 2975 1209 3042 x*Unde

32 3063 240 3132 aoH0ratius:
259 3060 355 3127 Hinc
368 2997 434 3125 ribi
444 3061 549 3147 eopia
562 3063 610 3125 ad
643 3000 919 3150 lenumbenigno
930 3056 1036 3125 aaroni
1046 3059 1208 3124 manabit

74 3146 239 3213 bonoram
257 3142 423 3232 opulente
442 3145 547 3208 ruris.
590 3085 747 3234 adstans,
776 3170 835 3213 seu
855 3146 1029 3226 Achelous,
1052 3146 1205 3212 confusus

72 3231 190 3300 Alcidis
222 3229 354 3309 virtute,
393 3240 531 3295 mutatus
566 3244 616 3297 est
644 3233 676 3297 in
703 3253 845 3311 amnem,
884 3232 1009 3320 elapsus
1040 3230 1204 3298 hostilibus

73 3319 202 3408 palmis3
231 3325 265 3382 et
284 3315 398 3382 timens
419 3335 560 3402 semper,
588 3338 629 3381 ne
649 3339 783 3420 usquam
797 3333 958 3419 appareat
977 3316 1092 3383 inimici
1112 3338 1206 3404 prae··

74 3405 192 3484 sentia,
255 3422 432 3466 rconcara
453 3411 611 3467 terrarum
630 3401 724 3469 uudrs
745 3401 872 3469 Siciliae
892 3402 1003 3470 allinit
1045 3402 1205 3469 Hercules

32 3500 204 3642 ”iiiiii
232 3487 386 3661 {ltttt
399 3486 954 3659 attenuarentur
975 3486 1208 3640 tlmtttltt
1243 3531 1247 3545 ’

770 3613 795 3641 b.

59 3672 140 3727 'non
172 3667 298 3747 posset,
333 3680 404 3724 eam
436 3656 599 3746 deposuit,
633 3658 817 3748 clavamque
847 3683 920 3727 cum
953 3597 1078 3762 deliquia
1110 3660 1207 3726 armis

74 3767 186 3814 seeum
215 3745 402 3820 transvexit,
433 3755 469 3810 ut
499 3755 571 3832 post
597 3756 799 3829 enoneratus¹
817 3768 888 3812 eam
916 3745 1064 3834 expedito
1079 3743 1234 3825 'ferret;,

73 3843 109 3899 et
135 3829 259 3897 interim
286 3849 357 3892 eam
384 3827 490 3894 Nesso
516 3830 679 3896 Centauro
707 3829 947 3900 commendavit.
981 3831 1095 3907 ,Quum
1124 3852 1207 3916 ergo

32 3915 118 3992 acad
137 3915 220 3982 illam
239 3913 626 4001 transportandamrellet
647 3918 786 3997 renuti,
810 3916 885 3983 vidit
908 3914 1045 3982 eundem
1066 3914 1208 3982 Nessum

76 4004 273 4070 Centaumm
292 4020 364 4065 cum
386 4019 426 4064 ea
447 4019 514 4064 rem
535 3998 663 4068 babere.
704 4003 847 4068 Ferreus
879 4001 978 4089 igitur
996 4001 1061 4078 ira,
1090 4002 1209 4068 emissa

74 4087 192 4175 sagitta
204 4081 362 4168 toxicata,
386 4082 557 4154 vulneravit
575 4106 667 4167 eum3
689 4087 779 4176 cujus
800 4087 949 4155 cruor-in
969 4107 1123 4156 venenum
1137 4110 1209 4157 rer-
