2632 4658
139 166 220 247 rea
455 138 1016 273 numme-no.)
1202 182 1314 289 4,

140 351 294 444 optantis,
324 371 388 419 non
413 349 632 421 maledicentis
660 359 719 418 est
761 351 846 419 Sunt
871 365 980 421 autern
1003 350 1087 419 liaeo
1107 349 1272 422 maledicta

140 438 419 529 percontrarium
446 439 590 519 inventa,
619 445 656 503 ut
684 436 725 504 sit
748 437 838 526 quasi
859 438 945 505 salra
965 439 1140 508 veneratio.
1179 439 1271 527 Ergo

141 548 239 613 quum
258 535 384 609 mortuo
407 522 475 589 vale
496 522 632 600 dicitur,
662 543 727 586 non
753 521 1053 627 etymologia,‘sed
1072 527 1271 593 cousuetudo

143 607 374 676 consideranda
395 620 461 687 est,
490 607 564 696 quia
585 605 657 672 nulli
678 605 747 671 vale
767 607 918 682 dicimus,
940 608 998 675 nisi
1017 630 1038 687 a
1055 630 1119 697 qno
1140 632 1273 698 separa-

118 716 225 766 nmur.
265 692 359 782 Apud
389 693 489 795 rqrins
519 693 615 758 etiam
643 704 758 777 gentes
787 692 910 759 diversa
932 694 1060 761 luerunt
1079 717 1203 781 genera
1225 719 1272 762 se

141 779 297 869 pulturae.
347 776 424 844 stim
455 778 545 853 euim<
569 776 803 857 obruebantur,
835 778 908 845 alibi
935 780 1171 869 exurebantur,
1202 780 1272 847 alibi

140 866 259 954 primas
280 862 522 932 remittebantur
539 861 582 928 ad
627 862 736 942 atrias,
766 861 838 929 alibi
866 864 962 931 etiam
987 885 1046 951 per
1069 864 1175 946 diem,
1202 865 1272 931 alibi

143 972 202 1039 per
227 962 363 1016 noctem.
411 948 560 1099 Namque
589 886 791 1051 Ilersctitus,
821 948 875 1051 qui
906 948 1011 1015 omnia
1039 949 1103 1019 vult
1133 972 1176 1017 ex
1199 950 1273 1038 igue

143 1046 307 1116 constare,
338 1031 439 1125 dett,
463 1031 504 1098 de
527 1042 583 1099 ere
609 1054 745 1121 corpora
772 1056 804 1100 ro
834 1056 941 1122 iguem
968 1035 1092 1102 resolvi.
1136 1026 1271 1105 'Thales

100 1120 301 1199 loMilesius,
329 1119 382 1207 qui
403 1118 508 1185 omnia
528 1140 569 1184 ex
590 1116 725 1200 humore
746 1121 848 1185 eremi
867 1120 1063 1201 confirmat,
1081 1141 1222 1208 corpora
1239 1133 1272 1189 ut

140 1206 174 1272 in
201 1205 368 1271 humorem
403 1203 616 1284 resolvantur,
648 1202 813 1270 obruenda
850 1204 1022 1273 contendit.
1070 1207 1161 1273 Sane
1191 1205 1272 1309 apud

141 1290 333 1378 antiquiores
364 1310 435 1354 mos
471 1288 599 1355 eratin
628 1288 780 1375 sepulcris
809 1289 946 1355 virorum
976 1288 1103 1358 sortium
1134 1303 1271 1381 mperes

141 1398 276 1457 necare3
310 1371 399 1463 quod
427 1383 460 1440 et
485 1397 503 1439 a
528 1371 571 1438 ud
601 1373 779 1440 Homerum
803 1374 835 1439 in
864 1375 1002 1443 Patrocli
1023 1376 1166 1464 exequiis
1187 1400 1271 1445 corn·

16 1543 25 1549 .
140 1460 259 1612 pletum
278 1458 430 1546 legimus,
451 1397 532 1527 eti'

100 1568 135 1619 lt

534 1457 655 1544 irgilius
676 1460 708 1524 in
728 1458 880 1527 Pallantis
902 1463 1018 1527 funere
1039 1474 1271 1530 commemorat

159 1545 180 1612 d
209 1558 317 1612 autem
344 1543 399 1608 ubi
428 1542 519 1609 nimis
546 1541 677 1608 crudele
706 1543 807 1609 vuum
835 1558 900 1621 est,
936 1546 1054 1633 placuit
1105 1546 1271 1616 ladistores

140 1643 217 1697 ante
243 1627 389 1717 sepulcre
418 1627 588 1706 dimicare,
619 1626 673 1714 qui
704 1651 725 1694 a
759 1629 856 1697 bustis
884 1627 1061 1695 bustuarii
1110 1632 1174 1699 'cti'
1193 1643 1271 1699 sunt

140 1716 214 1782 Nec
233 1715 364 1792 mirum,
385 1712 512 1792 inseris,
533 1713 568 1779 id
590 1722 640 1779 est
656 1711 830 1781 interorum
849 1715 964 1795 sacris,
985 1714 1041 1802 qui
1062 1718 1171 1805 utique
1192 1716 1272 1785 noxi

140 1810 237 1882 sunt,
264 1797 405 1866 crudelia
436 1796 587 1863 exbiberi.
627 1795 713 1865 Nam
742 1810 775 1865 et
803 1800 954 1867 Varronis
978 1800 1085 1887 opinio
1106 1798 1174 1885 est,
1202 1802 1272 1871 ideo

28 1944 35 1954 ,
139 1885 286 1967 mulieres
303 1885 335 1951 in
355 1884 467 1949 funere
486 1905 544 1956 ora
571 1880 732 1962 lacerare,
762 1893 798 1951 ut
827 1885 935 1951 inieris
963 1897 1092 1953 ostenso
1118 1910 1177 1954 sen
1224 1889 1234 1907 ⁶

98 1972 216 2048 sonatis
233 1971 297 2037 fiat
337 1968 418 2034 Inde
447 1978 480 2035 et
507 1990 563 2034 eos
585 1989 694 2034 manes
714 1990 774 2055 per
795 1970 987 2061 antiphrasin
1008 1993 1029 2036 a
1049 1972 1152 2059 potitis
1172 1902 1272 2042 ffl

140 2079 212 2123 esse
231 2055 384 2143 legimus3
408 2076 536 2120 manum
556 2052 639 2119 enim
657 2054 775 2120 bonum
794 2066 854 2122 est.
891 2052 986 2120 Unde
1001 2055 1093 2144 juxta
1114 2056 1271 2127 smmum:

139 2138 268 2291 dtitiane}
297 2138 383 2225 quid
409 2139 519 2221 enim,
546 2137 664 2226 inquit,
696 2138 850 2204 melius?
893 2138 962 2206 Sed
981 2153 1015 2209 et
1034 2141 1182 2213 immanis
1202 2144 1272 2211 iudo

163 2225 260 2293 ictum
280 2233 337 2291 est

223 2310 276 2376 30.
318 2305 412 2395 Atqui
442 2303 491 2383 de
517 2304 660 2372 manibus
694 2303 788 2394 quid,
821 2305 869 2373 rel
896 2306 1077 2396 quomodo,
1108 2311 1158 2381 rel
1180 2312 1272 2391 unde,

29 2423 33 2431 ’
99 2393 188 2470 nevel
208 2393 279 2473 ubi,
302 2391 350 2457 rel
370 2391 471 2458 sicubi
493 2389 573 2472 sint,
597 2391 702 2457 variae
721 2391 850 2458 habitae
866 2407 944 2485 sunt
964 2395 1144 2483 opiniones,
1164 2410 1201 2467 et
1220 2422 1273 2491 op—

14 2533 17 2536 .
139 2479 349 2569 positissimae
369 2478 570 2564 reperiuntur
589 2474 793 2559 traditionem
828 2499 908 2566 quas
934 2483 1018 2568 quie·
1036 2490 1153 2549 ‘omnes
1172 2485 1274 2551 ineer-

139 2565 280 2633 titndinis
299 2562 383 2629 sensi
404 2562 616 2650 plenissimas,
645 2561 760 2627 nullam
782 2583 841 2650 pro
864 2576 952 2633 certa
975 2566 1181 2635 asserendam
1195 2592 1274 2637 cen·

140 2673 232 2729 sens,
263 2647 304 2715 ad
333 2645 514 2733 vulgariora
540 2668 682 2713 recurro.
724 2649 771 2712 Ao
796 2649 932 2733 primum
953 2652 1090 2738 quiade
1111 2648 1274 2722 funeribus

142 2737 284 2822 egimus,
313 2754 355 2797 ne
374 2733 552 2811 nominum,
581 2753 717 2832 quorum
740 2732 843 2799 abusu
865 2735 1088 2804 confundimur
1107 2738 1275 2826 ignorare·

99 2822 186 2887 euris
208 2818 453 2907 proprietatem,
477 2816 573 2881 sunus
589 2827 682 2906 Juxta
706 2816 850 2883 Serrium
873 2821 1000 2922 proprie
1013 2823 1141 2913 estjam
1159 2824 1274 2893 ardent

142 2904 296 2985 caderem
328 2899 415 2989 quod
443 2900 519 2967 dnm
549 2912 710 2987 portetur,
739 2904 887 2991 exequias
913 2905 1061 2990 drcimus3
1087 2923 1274 2991 crematun,

67 3029 79 3051 e
139 2989 304 3093 reliquias3
337 2985 499 3057 conditum
523 2984 609 3072 jam,
637 3009 674 3053 se
696 2984 805 3081 ultum,
845 2989 994 3070 Plutoni,
1023 2992 1107 3062 sicut
1129 2995 1199 3064 aliis
1220 3018 1277 3063 nu·

139 3076 292 3154 minibus,
322 3072 427 3160 capite
452 3072 556 3138 veluto
577 3073 658 3139 sacri
683 3073 825 3139 nabetur.
866 3075 963 3149 Quod
982 3076 1057 3143 ideo
1077 3080 1110 3145 in
1132 3082 1275 3159 omnibm

140 3161 240 3227 sacris
268 3160 469 3225 observatum
502 3166 568 3236 est,
605 3179 646 3223 ne
675 3181 712 3223 se
741 3157 824 3225 inter
850 3159 1036 3247 religionem
1056 3164 1175 3253 aliquid
1190 3168 1276 3256 regie

99 3248 274 3313 ttofferret
294 3243 477 3323 obtutibus,
499 3243 640 3328 exceptis
668 3253 775 3308 tamen
802 3245 1040 3329 Saturnalibus,
1074 3272 1117 3317 ue
1145 3254 1278 3323 numinis

139 3331 274 3401 imitatio
294 3328 463 3395 videretur.
503 3326 591 3393 Hinc
609 3328 641 3392 in
663 3327 756 3393 tertio
778 3329 935 3398 Aeneidos
958 3333 1118 3402 Helenus:
1179 3400 1187 3407 ,
1312 3342 1314 3365 ²

229 3413 289 3483 Ne
313 3435 383 3512 qua
403 3413 497 3475 inter
516 3422 654 3477 sanctos
675 3411 837 3503 igneexin
858 3414 984 3481 bonore
1003 3419 1147 3487 deorum
1246 3446 1253 3457 ‘
1312 3438 1314 3445 '

224 3499 379 3568 Hostilio
396 3492 512 3583 facies
532 3507 694 3560 occurrat
715 3505 751 3559 et
771 3498 889 3561 omnia
912 3499 1038 3568 turber.
1121 3566 1137 3587 ι

141 3585 341 3672 Ιηιετηιωρῖ
368 3581 450 3649 enim
485 3601 598 3660 sacra,
632 3579 792 3669 piaculum
819 3593 897 3648 erat.
939 3584 1036 3653 Unde
1065 3587 1277 3677 virgilianis
1312 3602 1314 3627 ¹

60 3700 63 3714 2
100 3683 271 3739 tuoctaro:
306 3665 441 3767 Audaq
470 3688 552 3815 quoe
580 3686 741 3753 rumpere
763 3666 889 3767 ‚Pf‘llm
910 3682 1139 3742 saera-vetet.
1180 3676 1278 3745 Deni-

163 3748 1279 3930 ”tulllrllln‘tltttl‘tlltlttllt‘lttt‘nttl
1311 3904 1314 3921 .

141 3938 248 4006 retur,
292 3943 402 3989 omnes
439 3920 538 4006 raptis
580 3921 675 3987 armis
714 3934 934 3990 occurrerunt
992 3926 1129 3995 Reremi
1165 3944 1278 4019 postes
1310 3936 1314 3995 i

142 4034 241 4101 qutun
258 4004 665 4099 piaculumformidarent,
681 4025 791 4071 senem
811 4006 971 4092 quendam
991 4011 1023 4076 in
1040 4012 1141 4079 Circo
1161 4018 1278 4087 saltan-
1311 3998 1314 4065 l

101 4108 208 4168 estem
223 4096 417 4161 invenerunt
452 4089 514 4162 Qui
534 4111 632 4192 quum
651 4088 876 4178 interrogatus,
898 4116 934 4159 ee
954 4117 1023 4161 non
1047 4096 1280 4192 interrupisse

141 4179 366 4249 saltationem
408 4172 642 4263 respondisset,
698 4172 763 4243 boo
807 4176 1008 4269 proverbium
1045 4180 1168 4257 dietum
1196 4197 1281 4269 salt
