2632 4658
266 152 315 303 '⁸
358 120 620 289 nyuogasn.
677 183 878 291 suff-rs.
1130 188 1224 261 aa.

56 373 266 463 probeopus
285 384 379 441 snum
399 366 789 463 Minersaa'praetulisset,
810 385 853 443 et·
870 370 1092 444 eam-lanificio
1114 396 1188 464 pro-

54 471 221 539 vocassct,
243 481 264 525 a
286 458 427 523 Minerva
446 458 484 523 in
500 482 639 525 vermem
660 460 707 525 sui
731 459 878 537 nominis,
900 456 934 523 id
953 470 1002 528 est
1020 482 1188 529 araneam

56 566 232 624 conversa,
264 542 396 631 laqueo,
416 544 510 611 vitam
550 544 669 621 linivit,
710 544 807 610 Unde
841 554 943 611 semet
974 566 1090 631 opere,
1124 567 1189 633 quo

50 629 234 717 gaudebat,
253 626 429 716 fatigando,
448 652 557 697 casses
577 630 609 695 in
627 629 690 703 ulto
705 651 831 717 semper
849 628 997 697 inutiliter
1016 628 1188 719 suspendit

476 793 541 869 71.
594 794 771 869 Niobe.
1188 834 1207 883 5

143 920 268 1003 Niobe,
296 918 424 990 Tantali
454 920 500 986 vel
529 921 657 1012 Pelopis
684 922 767 1001 filia,
804 942 883 989 uxor
912 924 1112 1013 Amphionis,
1144 926 1187 991 ob

21 1042 29 1054 ,
57 1006 257 1081 insolentiam
284 1008 416 1097 partus,
445 1005 593 1109 Apollinis
621 1031 661 1074 ac
688 1007 813 1073 Dianae
842 1031 957 1075 numen
980 1025 1111 1098 experta
1132 1024 1190 1079 est.

58 1093 146 1159 Nam
175 1114 272 1181 quum
301 1113 340 1158 ex
369 1093 544 1186 Amphione
564 1108 687 1182 septem
709 1092 779 1158 filiis
798 1092 930 1161 totidem
955 1116 996 1161 ue
1017 1096 1189 1184 virginibus

60 1178 155 1267 editis
177 1179 325 1246 comitata
345 1178 523 1264 gauderet,
556 1194 589 1246 et
610 1178 749 1267 quodam
766 1191 911 1268 tempore
968 1191 1060 1261 anto,
1093 1181 1187 1247 'lire
1216 1193 1221 1201 ‘

59 1264 128 1329 siae
154 1264 236 1346 filia,
264 1286 303 1330 ex
331 1282 484 1351 responso
514 1258 690 1352 Thebanos
718 1264 908 1346 monuisset,
935 1274 971 1333 ut
991 1266 1236 1335 Latonae-atla

59 1348 131 1416 liliis
152 1350 241 1439 ejus,
265 1348 400 1437 'Apollini
430 1360 462 1415 et
486 1349 769 1439 Dianae,³preces
792 1349 928 1431 ferrent,
958 1349 1009 1416 illa
1030 1352 1193 1419 sacrificiis

61 1434 215 1502 interesse
237 1434 352 1511 noluit,
375 1432 578 1521 praedicans,
608 1458 643 1501 se
666 1435 877 1525 potentiorem
901 1437 1028 1503 numine
1046 1439 1195 1505 Latonae
1261 1496 1273 1523 s

62 1543 103 1586 ac
130 1519 200 1587 liliis
228 1520 296 1608 ejus
324 1541 404 1584 esse.
455 1522 528 1585 Hoc
578 1543 651 1587 uum
680 1522 808 1592 Latona
836 1521 905 1587 liliis
934 1535 1197 1610 conquereretur,

61 1605 172 1692 Apollo
196 1616 228 1670 et
249 1606 369 1683 Diana,
390 1607 464 1670 tecti
485 1545 640 1682 nubibus,
657 1606 788 1673 'l’hebas
812 1619 983 1687 venerunt,
1007 1631 1046 1674 ac
1068 1610 1195 1674 Nioben

61 1713 137 1757 cum
174 1690 243 1755 liliis
280 1689 466 1778 filiabusque
498 1704 699 1759 necaverunt.
752 1692 920 1758 Peremtos
942 1709 945 1713 '
966 1704 1073 1761 autem
1108 1694 1195 1783 apud
1203 1708 1238 1757 lu

61 1775 196 1842 Thebas
222 1774 337 1841 liberos
364 1775 470 1842 Niobe
498 1775 538 1842 ad
565 1779 717 1867 patriam,
747 1775 878 1866 Sipylon
903 1776 1023 1846 scilicet
1043 1794 1194 1861 montem,

61 1860 181 1963 dicitur
214 1859 396 1941 reduxisse,
433 1862 565 1950 ipsaque
595 1862 711 1929 ibidem
744 1860 775 1925 in
805 1883 917 1929 saxum
947 1875 1069 1932 mutata
1097 1863 1195 1933 indu·

63 1968 177 2013 ruisse.
1037 1968 1043 1981 *
1166 1983 1169 1990 ·

447 2109 514 2184 72.
569 2111 811 2187 Glaucus.

151 2241 292 2308 Glaucus
320 2239 448 2328 quidum
477 2240 536 2307 l'uit
560 2240 602 2305 de
624 2239 741 2305 Potula
763 2237 897 2306 civitate.
942 2227 1125 2325 Qui'quum
1145 2260 1240 2310 sa-sc

66 2347 123 2393 cra
154 2327 285 2394 Veneris
313 2336 494 2415 sperneret,
524 2324 575 2390 illa
597 2326 677 2392 irata
704 2327 847 2413 equabus
869 2323 957 2413 ejus,
990 2327 1105 2410 quibus
1127 2336 1197 2405 ute-

66 2413 164 2479 batur
195 2413 237 2478 ad
267 2433 412 2493 currum,
441 2411 567 2478 immisit
590 2411 747 2493 furorem3
781 2432 864 2498 quae
890 2432 964 2476 mox
986 2432 1058 2476 eum
1081 2409 1199 2477 dilace-

66 2509 226 2567 raserunt

252 2634 262 2740 Ι,
294 2661 360 2736 75.
414 2663 664 2737 Deucalion
693 2671 739 2745 ‚et
775 2638 969 2760 Pyrrha.¹

66 2790 90 2873 2
144 2791 301 2881 'luppiter
321 2790 449 2856 humani
471 2789 598 2876 generis
624 2787 697 2853 vitia
718 2784 895 2866 vindicans,
912 2801 1026 2857 -terras
1050 2789 1242 2879 imbriumaa

68 2872 242 2944 ubdatione
273 2877 415 2964 operuit,
446 2878 611 2961 totumque
634 2872 794 2938 hominum
816 2894 920 2959 genus
939 2874 1052 2939 diluvio
1075 2876 1197 2944 delevit.
1247 2886 1250 2891 '

46 2978 49 2983 ’
66 2964 245 3031 Deucalion
265 2972 386 3040 autem,
408 2960 592 3046 Promethei
613 2957 711 3034 filius,
735 2971 767 3023 et
779 2957 915 3046 Pyrrha,
936 2959 1078 3046 ejusdem
1097 2984 1199 3042 soror,

68 3071 168 3137 quum
205 3048 404 3114 miseratione
423 3060 426 3065 ’
442 3047 602 3110 numinum
636 3044 669 3108 in
699 3041 844 3108 Parnaso
876 3058 984 3112 monte
1013 3047 1200 3113 effusionem

67 3134 215 3201 imbrium
244 3133 418 3220 fugissent,
451 3130 594 3197 navicula
616 3127 757 3218 Delphos
779 3128 876 3207 vecti,
905 3129 1088 3212 Themidis,
1118 3154 1201 3220 quac

69 3221 198 3287 antistes
220 3228 325 3285 terrae
347 3218 443 3284 suisse
464 3217 614 3308 traditur,
643 3211 771 3279 oraculo
795 3214 979 3296 audierunt,
1008 3216 1243 3284 Irnbramsmou

98 3326 183 3370 enrss
202 3326 302 3390 posse
324 3303 470 3382 reverti,
500 3304 532 3366 si
551 3323 629 3387 ossa
650 3301 778 3364 matris
791 3311 871 3384 poet
891 3311 994 3388 terga
1007 3301 1202 3384 jactarent.

67 3327 292 3457 intellexerunt
317 3387 431 3475 igitur,
463 3398 596 3456 matrem
621 3384 964 3471 terram-significari,
1017 3385 1111 3470 uippe
1133 3407 1200 3449 om-

68 3475 157 3541 nium
177 3495 283 3540 rerum
304 3472 519 3560 genetricern3
543 3490 710 3540 assevero
734 3468 803 3557 ejus'
823 3469 972 3554 lapidee.
994 3409 1107 3554 igitur
1128 3490 1202 3535 ora·
1264 3540 1274 3551 ‚

69 3560 143 3626 culo
174 3557 361 3661 adimpleto,
389 3557 529 3644 lapides,
563 3577 646 3643 quos
673 3551 849 3619 Deucalion
879 3563 1105 3639 posttergans
1122 3578 1201 3657 pro·

64 3646 161 3738 jecit,
182 3667 213 3711 m
236 3667 317 3736 virus
340 3647 560 3726 vertebantur3
580 3636 720 3729 lapides,
741 3660 821 3726 quos
838 3637 981 3724 Pyrrha,
1004 3638 1035 3705 in
1057 3639 1242 3720 seminatae

206 3838 224 3885 ·.
311 3811 404 3900 ,74
458 3803 610 3917 Lycus
643 3815 685 3879 et
719 3799 935 3902 Antiopa.

39 3938 42 3942 '
142 3940 224 4031 Lyci
246 3964 327 4009 uxor
347 3938 497 4028 Antiopa,
521 3936 637 4028 Nyctei
659 3933 745 4020 regis
768 3931 841 4013 filia,
863 3933 904 3999 ab
918 3928 1065 4021 Epapho,
1085 3922 1202 3999 lxiobis

68 4036 103 4095 et
123 4025 212 4096 Jovis
237 4041 332 4110 nato,
387 4049 421 4092 er
450 4024 556 4113 dolum
578 4031 737 4109 stuprata,
766 4042 785 4086 a
806 4021 872 4085 viro
893 4019 985 4119 Lyco
1016 4027 1065 4083 est
1087 4018 1199 4106 ejecta.

68 4113 177 4187 Quam
196 4115 329 4203 ¹pulsam
360 4052 522 4200 iuppiter,
549 4110 580 4174 in
610 4109 778 4194 Satyrum,
812 4105 858 4171 vel
883 4114 916 4170 ut
937 4102 985 4169 ahi
1008 4102 1137 4179 dicunt,
1166 4106 1197 4166 in

67 4210 198 4266 murum
220 4223 343 4282 versus,
365 4196 568 4286 compressit,
596 4207 629 4260 et
649 4190 813 4279 gravidam
837 4190 922 4258 fecit
960 4188 1069 4278 Lycus
1093 4200 1241 4255 autemst

718 4301 820 4367 ,t
