2632 4658
220 142 229 235 s
394 179 577 283 nsum.
604 182 637 258 r.
691 178 903 259 su-sr.
1169 182 1222 260 rr
1270 231 1279 247 Ι

76 372 119 431 ot
146 360 273 453 prodes
300 364 463 453 conjugia
491 365 711 451 caetitatem,
741 378 841 436 muto
869 380 904 436 te
927 370 965 436 in
985 361 1222 436 mercatorem.

56 448 152 523 «Quo
173 448 282 531 sacto,
309 448 362 524 ille
386 450 441 518 ivit
460 450 503 519 ad
521 451 678 528 Procrin,
707 465 756 535 et,
785 453 897 524 oblatis
919 454 1101 524 muneribus
1123 456 1222 546 impe-

76 544 229 623 trataque
247 556 285 602 re
306 534 483 625 conjugali,
505 537 670 606 consessus
690 550 756 618 est,
777 562 815 607 se
835 562 908 609 esse
929 540 1085 608 maritum.
1125 540 1222 617 Quod

79 618 192 687 dolens
218 618 286 701 ille,
321 642 420 711 quum
453 621 595 691 audisset
622 646 642 691 o
670 625 808 703 rustico,
842 648 950 693 amare
988 648 1060 691 eum
1093 629 1241 705 Auram„
1294 654 1296 661 >

78 729 175 793 quam
195 705 346 772 iuvocare
366 719 590 787 consueverat,
614 710 655 776 ad
678 709 770 777 silvas
790 713 938 813 prolecta
959 722 1028 791 est,
1053 723 1085 778 et
1100 711 1132 776 in
1154 712 1247 778 fra-e

78 793 184 870 ticetis
214 788 306 860 latuit
332 789 374 858 ad
405 790 709 883 deprehendendum
731 807 887 862 mantum.
930 798 993 874 Qui
1016 819 1114 900 quum
1133 811 1225 864 more·

78 877 171 944 solito
192 875 311 947 duram
333 889 479 957 vocaret,
494 879 632 977 Procris
652 880 769 968 egredi
790 882 938 969 cupiens,
967 883 1114 950 frutrceta
1135 906 1223 949 com-

78 963 185 1031 morit
235 965 377 1053 Sperans
407 962 572 1068 Cephalus
605 965 705 1032 leram
736 988 825 1048 esse,
861 967 984 1034 hastam
1005 967 1224 1035 inevitabilem

78 1048 234 1139 conjecit,
263 1059 297 1116 et
323 1047 484 1117 interleert
505 1070 637 1118 uxorem
657 1050 761 1139 (qnae
781 1062 887 1121 tamen
910 1053 1066 1139 moriens,
1097 1074 1138 1120 no
1158 1055 1222 1121 Au-

77 1155 186 1203 roram
207 1133 360 1216 duceret,
388 1134 586 1225 postulavit).
1229 1156 1265 1209 ro

272 1254 342 1331 dd.
393 1253 646 1360 Amymone
673 1269 722 1333 'et
754 1254 1037 1343 Palamedes.
1137 1324 1140 1333 .

164 1378 360 1468 Amymone,
391 1375 498 1443 Danai
531 1376 613 1457 lilia,
651 1374 728 1443 dum
760 1374 902 1444 studiose
929 1378 960 1443 in
990 1375 1091 1444 insula
1117 1376 1224 1466 jaculo

69 1476 308 1544 exerceretur,
327 1461 511 1549 imprudens
533 1462 683 1551 Satyrum
706 1463 870 1550 percussit.
906 1462 951 1530 lilt
969 1484 1066 1549 quum
1088 1463 1223 1552 Satyrus

80 1573 155 1617 eam
183 1549 301 1615 violare
326 1549 434 1626 vellet,
466 1547 517 1615 illa
546 1547 688 1636 Neptuni
720 1547 867 1615 auxilium
896 1548 1080 1635 imploravit.
1124 1548 1223 1626 Quod

101 1656 179 1702 rrum
196 1633 365 1723 Neptunus
386 1632 532 1713 vidisset,
554 1633 666 1720 fugato
689 1633 826 1722 Satyro,
847 1635 917 1722 ipse
935 1656 1006 1699 earn
1023 1635 1219 1724 compressit
1229 1650 1264 1698 15

79 1659 131 1787 lix
153 1741 219 1822 quo
242 1719 392 1808 conjugio
417 1730 508 1786 natus
541 1732 591 1785 est
619 1717 736 1798 Belus,
768 1717 951 1785 Palamedis
979 1732 1082 1806 puter.
1125 1717 1223 1786 Unde

80 1804 254 1892 Virgrlius:
306 1803 454 1871 Belidae
491 1824 613 1888 troezen
637 1803 867 1874 Palamedis.
933 1802 1103 1892 Neptunus
1147 1827 1223 1872 uero

80 1889 199 1960 dicitur
220 1912 277 1956 eus
298 1888 353 1955 ide
369 1887 485 1968 locum,
506 1889 539 1953 in
561 1909 625 1974 quo
647 1892 855 1978 Amymonem
877 1900 1127 1977 compresserat,
1149 1913 1224 1980 per-

81 1975 229 2043 cussisse
295 1973 358 2041 nde
378 1996 476 2065 quum
497 1995 582 2062 aqua
600 1974 732 2050 flueret,
752 1973 919 2041 Lernaeus
942 1986 992 2042 est
1013 1975 1084 2043 sons
1106 1975 1221 2057 dictus,
1244 2026 1247 2033 ‚

80 2074 114 2130 et
132 2064 326 2150 Amymones
345 2060 468 2128 fluuius.
1228 2081 1265 2130 20

278 2179 347 2277 46.
401 2181 610 2256 Theseus
645 2193 686 2255 et
720 2180 1016 2282 Hippolytus.

170 2294 337 2383 Theseus,
367 2312 493 2370 mortua
519 2298 712 2390 Hippolyte,
738 2298 939 2381 Phaedram,
967 2300 1082 2370 Minois
1104 2314 1138 2372 et
1156 2303 1222 2370 Pa·

79 2387 210 2479 siphses
237 2388 352 2468 liliam,
384 2385 571 2476 superduxit
599 2408 769 2454 novercam
796 2385 985 2476 Hippolyto,
1025 2389 1090 2464 Qui
1123 2411 1221 2476 quum

79 2475 126 2541 de
145 2488 256 2564 stupro
276 2470 359 2541 illam
379 2471 628 2575 interpellantem
649 2472 887 2552 contemsisset,
917 2472 996 2538 falso
1026 2473 1152 2540 delatus
1177 2473 1221 2540 ad

80 2571 205 2649 patrem
233 2571 311 2640 est,
333 2557 421 2649 quod
448 2582 477 2624 er
501 2557 562 2623 vim
592 2555 684 2624 vellet
712 2557 840 2624 inferre.
876 2557 1039 2624 'Theseus
1066 2544 1262 2645 Aegehm25

80 2659 225 2799 fflm'
256 2657 297 2748 ,υς
331 2668 371 2747 se
390 2643 623 2747 ulcisceretur,
658 2644 799 2745 rogavit:
839 2643 894 2731 qui
925 2643 1077 2747 agitanti..
1089 2667 1222 2747 currum

81 2728 432 2884 atttltltlttl.
445 2751 583 2893 litt?
602 2729 1222 2905 tilitattutttltfitlratlt

81 2924 158 2969 euro
178 2901 326 2982 inyltam
345 2924 403 2990 per
425 2898 665 2987 Aesculapium,
695 2899 792 2966 filium
813 2899 963 2986 Apollinis
984 2912 1017 2969 et
1039 2901 1221 2983 Coronidis,

79 2988 136 3075 qui
158 2997 252 3055 natus
273 2998 341 3054 erat
362 2998 491 3054 exsecto
511 2985 620 3052 matris
639 2997 767 3072 ventre,
787 2982 862 3051 ideo
884 2985 974 3072 quia,
996 3009 1094 3075 quum
1107 2988 1262 3076 Apelleae

78 3071 223 3147 audisset
242 3095 264 3138 a
284 3093 396 3153 corvo,
423 3071 491 3163 ejus
512 3068 664 3150 custode,
692 3093 764 3137 eam
791 3069 979 3138 adulterium
1008 3073 1218 3156 committere,

77 3158 180 3226 iratus
202 3155 413 3238 Coronidem,
444 3168 571 3225 maturo
586 3154 653 3246 jam
676 3169 788 3244 partu,
817 3156 947 3224 confixit
975 3159 1116 3244 sagittis,
1145 3181 1218 3225 cor-

78 3242 153 3308 vunl
175 3265 249 3309 vero
270 3243 396 3330 nigrum
418 3240 496 3311 lecit
516 3264 555 3308 ex
576 3242 666 3322 albo;
691 3253 734 3322 et,
757 3255 885 3310 exsecto
905 3255 1014 3311 ventre
1035 3244 1221 3326 Coronidis,

102 3327 232 3396 reduxit
267 3327 505 3416 Aesculapium,
546 3327 601 3415 qui
640 3327 744 3394 factus
785 3339 841 3395 est*
875 3329 1051 3395 medicinae
1086 3329 1216 3418 peritus.
1265 3410 1268 3415 Ι

116 3436 180 3479 unc
194 3426 306 3502 postea
319 3414 466 3502 anpiter
500 3424 608 3501 ropter
623 3424 806 3481 revocatum
819 3413 1026 3514 Hippolytum
1048 3415 1267 3494 interemitaa'

79 3498 177 3566 Unde
208 3499 319 3588 Apollo
345 3501 445 3568 iratus
476 3437 652 3588 llyolopas,
688 3498 896 3566 fabricatores
927 3499 1107 3580 lulminnm,
1137 3523 1215 3567 cou-

76 3586 146 3655 fixit
167 3585 302 3671 sagittis.
346 3586 400 3653 Ob
429 3607 524 3674 quam
553 3608 621 3650 rem
649 3583 753 3669 iussus
775 3595 825 3650 est
845 3582 972 3650 Admeti
993 3587 1080 3688 regis
1102 3608 1216 3656 novem
1247 3633 1250 3651 2

76 3670 168 3736 annis
190 3680 504 3759 armentapascere,
532 3669 691 3736 divinitate
715 3669 871 3757 deposita.
914 3669 983 3735 Sed
1006 3670 1112 3738 Drana
1132 3674 1216 3762 Hip-

74 3755 235 3845 polytum,
263 3769 445 3823 resecatum
467 3757 508 3821 ab
528 3755 653 3834 inferis,
680 3753 850 3854 Nymphae
870 3755 1103 3825 commendavit
1123 3758 1215 3849 Ege·

73 3841 160 3924 riae,
187 3851 314 3909 etcum
339 3839 521 3920 Virdium,
551 3841 641 3929 quasi
661 3836 714 3904 bis
735 3862 868 3917 eurum,
890 3840 985 3929 jussit
1007 3845 1122 3911 vocari.
1152 3888 1156 3897 ,
1219 3882 1255 3934 ω

214 3976 284 4053 47.
337 3978 509 4072 lllinos,
553 3982 711 4052 taurus
753 3989 799 4054 et’
826 3979 1065 4058 Hercules.

158 4082 283 4178 Minos,
303 4098 387 4169 Iovis
407 4098 489 4167 lilius
512 4109 545 4166 ct
565 4099 733 4187 Europae,
754 4120 853 4186 quum
872 4103 953 4188 putri
972 4105 1209 4174 sacrificaturus
1230 4100 1234 4109 ’

72 4183 247 4255 accederet
258 4182 308 4253 'ad
329 4207 420 4268 aras,
444 4186 546 4255 oravit
568 4184 740 4276 potentiam
760 4185 910 4269 numinis,
936 4202 971 4257 ut
993 4188 1125 4278 dignam
1146 4190 1208 4283 aris

758 4299 782 4365 2
