2632 4658
79 234 82 243 Ι
139 118 198 195 oo
473 116 657 223 upum.
682 118 737 195 u.
789 116 856 195 so.
882 116 948 195 ro.
1010 72 1014 81 ’

139 307 212 375 litus
240 306 434 391 carpebant,
454 301 625 392 -probibita
654 314 706 373 est
734 306 863 395 propius
895 304 1064 373 accedere.
1105 306 1216 383 Quam
1233 308 1272 377 ob
1303 304 1306 407 l

138 416 207 461 rem
225 391 306 460 irata
327 392 417 481 petiit
436 409 458 455 a
475 387 555 469 diis,
581 400 619 456 ut
638 411 809 479 numquam
831 391 962 459 accolae
982 402 1098 479 stagno
1120 406 1272 463 carerent.
1304 415 1306 468 ς

139 478 262 546 Auditis
284 478 443 567 precibus,
463 471 612 562 luppiter
632 475 790 563 agricolas
805 476 838 543 in
854 497 1001 544 ranarum
1020 477 1163 566 speciem
1177 480 1273 553 vertit.
1302 469 1306 581 l

140 566 248 639 Quum
277 576 401 642 nutem,
427 560 555 626 lunone
583 574 811 649 persequente,
838 574 1013 651 conceptos
1042 563 1217 653 Apollinem
1243 578 1272 635 et

113 650 274 716 bDiananr
291 670 404 736 parere
420 667 483 711 non
504 657 631 733 posset,
652 647 745 713 terris
761 648 906 715 omnibus
921 648 1059 737 expulsa,
1078 649 1208 718 taudem
1222 650 1272 717 ali·

137 735 276 886 ipuando,
296 732 434 822 Ortygia
452 731 631 818 applicante
652 754 689 799 se
706 732 865 813 litoribus,
896 746 1047 835 suscepta
1068 746 1136 816 est,
1166 748 1200 805 et
1215 736 1272 805 illic

171 822 274 886 ianam
297 820 412 906 primo,
435 828 511 904 post
522 814 696 904 Apollinem
715 815 833 899 edidit;
856 830 1055 907 quistatim,
1078 820 1187 889 occiso
1208 822 1272 913 Py·
1302 874 1306 889 .

136 905 246 983 thone,
268 905 351 972 ultus
370 914 420 987 est
439 901 548 969 metris
576 902 730 992 injuriam.
765 904 853 969 Sane
878 914 953 970 nata
965 904 1071 973 Diana
1088 908 1272 995 parturienti

136 990 308 1079 Apollinem
331 986 423 1057 matri
442 986 558 1053 dicitur
579 988 765 1077 praebuisse
784 988 963 1075 obstetricis
984 988 1137 1059 officium.
1178 992 1272 1064 Unde

95 1092 132 1142 10
161 1099 234 1142 uum
271 1075 377 1142 Diana
413 1072 454 1141 sit
486 1072 596 1161 virgo,
631 1084 736 1140 tamen
768 1096 789 1140 a
819 1074 1066 1162 parturientibus
1098 1077 1270 1147 invocatur.

171 1184 232 1227 acc
260 1182 398 1247 namque
427 1168 477 1224 est
495 1157 600 1224 Diana
620 1158 715 1229 Luna
734 1156 938 1248 Proserpina.
981 1160 1069 1229 Nata
1087 1162 1189 1253 igitur
1210 1163 1270 1233 duo

110 1306 113 1312 .
135 1247 265 1313 numina
285 1258 403 1312 terram
429 1243 489 1309 sibi
513 1241 649 1311 natalem
671 1265 781 1309 errare
801 1266 865 1321 uon
886 1268 981 1333 passa
1002 1259 1092 1327 sunt,
1120 1246 1181 1315 sed
1201 1272 1270 1319 esur

134 1331 260 1400 duabus
280 1330 407 1411 insulis,
426 1327 554 1418 Myconi
577 1330 770 1479 Gyaropae,
790 1328 1013 1418 religaverunt.
1050 1332 1176 1403 Veritas
1197 1358 1269 1404 vero

134 1414 314 1504 longe-alia
335 1427 393 1482 est.
426 1412 510 1479 Num
527 1414 608 1480 haec
626 1414 726 1481 insua
744 1437 851 1504 quum,
863 1427 970 1482 terrae
990 1428 1078 1484 motu
1098 1418 1268 1505 laboraret,

93 1500 1267 1673 ¹⁵lllltitillabit¹¹illittdltnll:‘illiti'Aba

132 1673 217 1740 Nam
238 1672 419 1774 proecepit,
447 1692 489 1735 ne
515 1634 580 1759 illic
605 1682 748 1738 mortuus
776 1672 980 1759 sepeliretur,
1006 1685 1039 1740 et
1053 1674 1151 1765 jussit
1171 1700 1267 1765 quae-

133 1758 208 1825 dam
228 1759 386 1825 sacrificia
405 1756 484 1822 fieri.
525 1754 645 1823 Postea
664 1779 683 1821 e
703 1756 843 1847 Mycona
868 1760 1060 1848 Gyaroque,
1092 1760 1201 1829 ricinis
1222 1765 1266 1829 in-

131 1843 225 1924 sulis,
256 1842 363 1933 populi
391 1852 561 1921 venerunt,
595 1841 651 1930 qui
671 1865 726 1909 eas
748 1852 901 1911 tenerent
944 1842 1041 1918 Quod
1062 1855 1168 1913 autem
1190 1848 1266 1916 Dia-

87 1953 207 2008 ponam
227 1932 330 2017 primo
349 1938 455 1995 natam
477 1925 628 2005 diximus,
658 1926 751 2030 hujus
773 1939 822 1996 est
841 1928 982 1995 rationis.
1020 1928 1110 1997 'Nam
1132 1944 1265 2017 constet,

154 2018 267 2082 rimum
292 2026 418 2081 noctem
445 2012 562 2089 fuisse,
592 2010 682 2103 cujus
701 2024 943 2082 instrumentum
968 2026 1018 2082 est
1042 2015 1135 2097 luna,
1163 2016 1266 2089 idest

130 2040 254 2182 lliam
274 2112 359 2189 post,
381 2098 484 2177 diem,
505 2121 601 2187 quem
620 2098 669 2165 sol
688 2100 802 2179 efficit,
824 2098 857 2164 id
879 2112 929 2169 est
948 2099 1067 2190 Apollo.
1095 2102 1144 2171 Ut
1162 2114 1266 2173 auteur

130 2186 230 2253 Delos
248 2188 352 2273 primo
373 2185 510 2274 Ortygia
531 2182 710 2264 diceretur,
744 2183 862 2250 luctum
882 2196 967 2253 esta
988 2188 1164 2271 coturnice,
1184 2212 1265 2279 quae

131 2274 261 2337 Graece
280 2270 376 2359 ὄρτυξ
396 2284 537 2337 vocatur.
579 2268 679 2343 Delos
702 2280 809 2335 autem
830 2268 962 2353 dicitur,
1012 2274 1064 2339 uia
1090 2272 1146 2338 diu
1166 2274 1264 2358 latuit,

86 2369 165 2425 acet
190 2368 263 2445 post
297 2355 453 2444 aparuit.
493 2354 578 2423 Nam
605 2355 709 2443 δῆλον
737 2356 864 2421 Graece
887 2295 1118 2449 manilestom
1139 2356 1263 2429 dicitnr.

130 2442 207 2523 Vel,
236 2465 298 2530 quo
343 2442 448 2509 'verius
470 2452 540 2519 est,
567 2440 659 2543 quia,
685 2462 782 2528 quum
800 2442 917 2529 ubique
938 2442 1088 2531 Apollinis
1109 2464 1263 2536 respousa

126 2529 362 2609 obscurarint,
391 2526 559 2594 manifesta
579 2526 638 2593 rlbc
660 2525 776 2595 dantur
797 2526 936 2595 oracula.

268 2696 335 2773 18.
390 2660 586 2797 Triplex
617 2694 862 2796 Apollinis
897 2710 1120 2799 potestas.
1179 2728 1182 2733 ·

210 2828 349 2894 Constat
369 2836 474 2891 autem
496 2825 624 2913 triplicis
645 2847 716 2890 esse
737 2828 762 2892 A
787 2826 910 2893 ollinem
929 2829 1106 2915 potestatis,
1128 2838 1164 2899 et
1183 2853 1261 2898 eun·

83 2911 199 2981 eodem
230 2936 301 2979 esse
322 2911 430 2977 Solem
453 2910 538 3011 apud
571 2934 608 2976 su
633 2932 724 2990 eros,
760 2850 912 2978 [iberum
948 2926 1069 3002 patrem
1095 2916 1129 2981 in
1155 2919 1259 2997 terris,

122 2997 296 3086 Apollinem
317 2997 404 3085 apud
425 2998 554 3063 interos.
596 2933 693 3062 [lude
722 2997 816 3064 etiam
843 2998 902 3064 tria
922 2996 1058 3086 insignia
1082 3002 1169 3067 circa
1215 3002 1259 3068 ‘us

123 3085 324 3150 simulacrum
347 3083 505 3164 videmus3
532 3081 650 3170 lyram,
678 3104 762 3170 quaa
792 3083 882 3148 nobis
909 3085 1053 3153 coelestis
1075 3086 1260 3153 barmoniae

121 3169 293 3257 imaginem
315 3181 487 3249 monstrat;
514 3166 721 3253 quadrigam,
742 3190 826 3255 quae
847 3168 942 3235 etiam
963 3181 1124 3238 terrenum
1143 3194 1258 3239 nurneu

122 3255 280 3335 ostendit3
311 3255 464 3339 sagittas,
494 3252 608 3339 quibus
633 3252 747 3317 inserui
781 3252 862 3319 dous
894 3265 927 3319 et
957 3257 1069 3324 noxius
1091 3256 1258 3327 indicatur.

78 3340 217 3408 ³5Unde
237 3352 271 3408 et
291 3340 401 3428 Apollo
422 3340 551 3404 Graece
571 3336 643 3401 late
657 3336 809 3425 perdens
830 3336 955 3406 dicitur.

316 3508 381 3585 19.
435 3506 845 3610 ῩατίαΙΑροΙΙίηἰε
876 3512 1064 3585 uomina.

203 3640 230 3704 A
269 3637 399 3704 diversis
439 3638 589 3725 gentibus
630 3639 721 3711 variis
754 3639 933 3707 nominibus
972 3650 1106 3709 vocatur
1136 3640 1255 3729 Apollo.

25 3797 29 3803 q
118 3723 211 3810 Apud
234 3724 462 3790 Achaemenios
484 3723 598 3804 'Pitan3
618 3725 704 3812 apud
725 3726 900 3814 Aegyptios
923 3726 1045 3807 Osiris3
1066 3726 1153 3815 apud
1174 3728 1256 3795 Per·

119 3834 187 3887 sas,
217 3809 270 3873 rabi
290 3808 320 3872 in
345 3823 436 3875 arrlro
466 3810 579 3877 colitur
618 3823 749 3899 propter
777 3811 924 3897 eclipsin,
958 3834 1054 3899 quern
1075 3812 1255 3901 objectione

76 3894 212 3960 solonae
243 3895 377 3980 patitur,
414 3896 531 3961 Mithra
558 3907 698 3962 vocatur.
751 3896 800 3961 Ibi
833 3898 917 3962 enim
938 3896 995 3961 Sol
1022 3896 1120 3963 leonis
1157 3900 1253 3979 rultu,

119 4000 192 4045 curu
221 3980 320 4060 tiara,
347 3980 480 4045 Persico
502 3982 607 4058 cultu,
642 3981 712 4045 bovi
741 3980 897 4062 insidens,
937 3983 1081 4069 utrisque
1107 3986 1253 4051 manibus

118 4088 239 4131 cornua
259 4067 326 4155 ejus
348 4066 540 4152 comprimit3
571 4087 653 4154 quae
680 4067 896 4153 interpretatio
917 4066 959 4133 ad
980 4067 1084 4133 lunam
1106 4072 1252 4158 pertinet

117 4152 245 4220 Dicitur
275 4166 382 4219 autern
407 4145 602 4236 Ἀπόλλων,
635 4151 722 4239 quod
742 4152 859 4220 Latine
876 4162 970 4222 sonat
985 4154 1155 4242 perdens,
1187 4156 1253 4224 sire
