2616 4658
419 180 780 263 rpoosuruu..
957 136 959 141 ’
1154 178 1272 235 xr-

61 351 155 435 terat'
181 382 276 432 sane.
345 350 399 430 Ar
432 352 709 456 mpthogmplrus
732 353 932 429 'Vaticanus
965 348 1131 427 Orosium
1160 378 1201 429 se

60 464 187 562 legisse
221 468 387 552 testatur,
432 482 537 557 quem
572 458 699 533 Servio
726 454 903 554 juniorem
935 478 1012 527 csse
1048 468 1195 530 constat.

60 565 162 663 Ergo
187 557 461 660 mpthograpbus
486 560 688 668 Vaticanus⁸
707 582 773 631 nec
798 556 915 632 Servii
938 556 1106 656 Hyginus
1130 570 1197 651 cst,

60 691 127 738 uec
153 663 299 738 Servius
322 660 513 760 quidquam
538 687 583 734 ex
610 660 672 734 illo
695 669 830 758 poterat
854 658 1022 731 derivare.
1075 660 1201 747 Restat

61 779 178 838 autom
209 773 250 836 ut
279 763 574 863 mytbograpbum
601 762 813 842 Vaticanum
843 785 909 834 sua
937 759 1042 833 vele
1074 759 1201 837 Servio

60 865 184 968 (quem
204 875 319 937 tamen
339 863 464 937 nullibi
481 862 664 965 memorat)
689 862 867 955 hausisse,
894 861 951 935 vel
976 887 1057 935 cnm
1075 861 1202 940 Servio

59 996 172 1041 unum
193 966 410 1066 eundemque
428 965 559 1039 fontem
579 965 707 1039 adiisse
725 966 895 1051 dicamus.
950 961 1010 1036 Ac
1028 965 1124 1062 prior
1140 965 1202 1040 illa

60 1069 233 1144 sententia
261 1066 358 1141 hand
386 1067 490 1142 dubie
519 1070 632 1143 verior
660 1078 725 1141 est.
786 1067 879 1139 Nam
904 1064 1021 1165 plures
1047 1066 1200 1161 fabulas,

62 1170 109 1245 ab
129 1182 277 1270 utroque
297 1178 439 1246 auctore
458 1168 583 1245 iisdem
603 1169 720 1243 verbis
740 1168 904 1260 traditas,
932 1167 992 1240 alii
1012 1170 1201 1267 scriptores

62 1275 218 1373 antiqui,
263 1284 304 1346 ut
335 1272 611 1376 mptboqraphus
634 1272 717 1365 111,
762 1271 838 1346 solo
870 1270 997 1345 Servio
1026 1269 1199 1365 tribuunt,

60 1400 131 1451 nee
152 1373 198 1448 ad
216 1373 328 1447 ullum
349 1376 457 1449 alium
480 1378 686 1477 scriptorem
707 1372 884 1468 refernnt3
919 1398 1009 1471 quae
1029 1398 1086 1455 res
1106 1373 1203 1448 haud

63 1479 164 1578 parui
183 1478 349 1551 momenti
362 1488 417 1551 est
433 1480 472 1553 in
488 1477 556 1551 hac
577 1478 790 1577 quaestione.
834 1474 878 1549 si
897 1476 1070 1573 antiquior
1084 1476 1202 1575 Hygi-

49 1605 132 1653 nus
147 1577 344 1652 fabularum
357 1580 520 1655 volumen
536 1582 678 1656 omnino
695 1578 957 1677 composuisset,
981 1576 1057 1676 ejus
1072 1579 1203 1653 mentio

62 1680 189 1782 procul
221 1679 328 1755 dubio
366 1681 531 1781 frequens
568 1683 659 1757 foret
696 1680 791 1781 apud
825 1691 982 1753 veterum
1019 1688 1203 1776 politorum

63 1778 288 1875 scholiastes,
317 1783 472 1883 aliosque
495 1786 682 1884 scriptores
704 1785 766 1882 qui
786 1807 843 1857 res
864 1770 1035 1879 mythicas
1060 1792 1204 1880 tangere

62 1884 197 1979 solent,
224 1886 409 1982 praecipue
428 1887 461 1956 si
476 1887 509 1957 is
528 1885 573 1958 Ca
590 1885 713 1958 Julius
725 1881 883 1982 Augusti
900 1881 1044 1955 libertus
1064 1882 1204 1976 fuisset,

58 2012 174 2161 unerpi
195 1983 387 2104 Suetonius
407 1984 876 2159 ilillfflusfilamniiificis
907 1993 1069 2156 acpeumt
1099 1983 1204 2160 ett'ab

102 2114 137 2159 vr
174 2110 268 2157 orna
295 2110 406 2157 maes
470 2112 490 2157 a
581 2111 701 2160 ree.
807 2109 928 2157 csane
974 2109 1205 2161 crcrusacu

59 2188 206 2285 scripsit
234 2111 391 2288 (tilium
411 2183 449 2279 1,
471 2185 511 2282 1,
534 2184 616 2281 155,
644 2188 692 2261 ci.
717 2184 759 2280 5,
784 2183 847 2278 11,
872 2183 913 2259 8.
951 2183 994 2280 9,
1018 2183 1059 2279 2,
1085 2183 1122 2260 1.
1159 2185 1203 2282 9,

61 2288 134 2382 12,
152 2285 180 2360 5
199 2298 268 2360 etc.
296 2287 360 2361 ubi
381 2287 484 2362 codd.
510 2298 546 2365 et
570 2290 731 2390 bipiuum
750 2299 785 2363 ct
806 2286 982 2388 biqiuium
1005 2287 1203 2385 exhibent,

59 2383 169 2488 atque
193 2391 237 2463 dc
257 2390 332 2463 vitu
353 2378 525 2492 r‘eburque
542 2391 735 2465 illustrium
750 2392 907 2463 eirenem
929 2387 999 2491 (sc.
1013 2392 1166 2465 Roman.
1189 2442 1203 2485 ,

58 2491 166 2669 Ἓξ
192 2493 314 2666 ἓξὲξ
336 2490 472 2664 'librum
500 2503 637 2665 sputum
664 2491 801 2665 Geplius
827 2490 948 2667 laudatt
962 2488 1043 2665 abl}
1060 2488 1127 2613 14·
1142 2493 1205 2614 nbi

61 2620 99 2771 ir
132 2645 317 2793 appensus,
352 2620 687 2796 iiiillirilmbui'
702 2618 926 2794 inbellis?
940 2621 1046 2768 und
1062 2620 1206 2772 691611

64 2794 125 2896 (7,
143 2793 184 2897 1)
207 2798 318 2869 vitum
340 2807 376 2869 ct
391 2823 448 2870 reo
463 2794 646 2896 Scipionis
659 2795 702 2871 A
742 2799 832 2871 'cuni
850 2795 978 2869 bausit.
1032 2797 1205 2874 Diversus

66 2908 184 2970 autem
209 2895 254 2969 ab
280 2897 351 2972 hoe
372 2898 482 2973 tuisse
504 2897 642 2972 videtur
664 2899 688 2972 l'
715 2926 772 2994 er,
800 2925 845 2973 ex
865 2925 936 2997 qno
953 2895 1091 2973 Gellius
1134 2899 1202 2995 10,

66 2995 141 3093 18,
174 2995 224 3098 7)
258 2998 328 3072 boc
357 3000 485 3074 refert:
534 3001 680 3074 “Extat
710 3026 805 3073 nunc
838 3027 978 3100 qnoque
1007 3000 1070 3076 'rh
1135 3004 1206 3077 ecti

65 3099 261 3199 tragoedia,
288 3126 379 3200 quac
396 3099 598 3175 inscribitur
612 3102 826 3197 Mausolea,
852 3106 891 3175 in
907 3129 978 3201 qua
998 3129 1078 3177 eum
1093 3108 1204 3205 magis

65 3204 373 3378 uuuu
387 3202 558 3378 teu
574 3205 760 3380 but
833 3233 1186 3382 i

65 3402 190 3475 dianus
220 3417 338 3479 narrat
372 3404 440 3508 (ad
470 3405 549 3481 Cic.
578 3334 700 3481 cugliii
728 3332 882 3507 Pislglp.
896 3405 979 3503 164
1007 3407 1063 3481 ed.
1092 3407 1200 3483 Gren.

65 3503 181 3604 Lepd.
208 3502 360 3608 1698),
388 3512 492 3607 quem
508 3507 638 3582 librum
654 3510 805 3597 eundem
822 3520 926 3608 atque
945 3509 1044 3580 illum
1067 3510 1112 3582 de
1128 3511 1204 3584 vitu

64 3608 169 3679 rebus
192 3633 237 3680 ue
262 3608 454 3681 illustrium
475 3611 632 3683 virorum
655 3610 838 3704 haberem,
869 3611 936 3683 nisi
957 3608 1061 3709 hujus
1081 3622 1205 3686 auctor

65 3732 88 3779 a
103 3632 220 3782 Gellio
240 3708 368 3783 diserte
388 3708 513 3784 Julius
531 3720 735 3808 vocaretnr3
762 3724 867 3810 atque
888 3712 937 3783 ita
955 3737 1038 3786 sane
1053 3707 1204 3817 Asconii

65 3808 183 3883 locum
208 3810 404 3884 emendavit
430 3813 588 3911 Popma,
624 3813 794 3912 probante
817 3812 999 3913 Madvigio
1030 3840 1068 3911 p.
1083 3811 1139 3887 66
1167 3825 1205 3890 et

66 3909 220 4016 Orellio·
234 3938 272 4010 p.
292 3908 357 3985 15.
432 3914 570 3987 Deinde
609 3941 700 4012 qnae
739 3913 942 3991 Macrobius
978 3911 1079 4016 (Sat.
1102 3913 1147 4009 1,
1176 3914 1202 3987 7

64 4020 105 4109 p.
123 4008 207 4085 256
232 4013 365 4115 Zeun.)
399 4012 521 4089 docet:
566 4018 797 4116 “Regionem
830 4019 952 4111 istam,
984 4034 1074 4115 quae
1106 4040 1203 4093 nunc

65 4123 219 4186 vocatur·
235 4114 359 4207 ltalia,
391 4142 501 4214 regno
525 4115 642 4191 dauns
666 4117 836 4211 obtinuit,
862 4120 944 4219 qui,
974 4128 1016 4191 ut
1038 4118 1204 4219 Hypiuue

62 4214 294 4310 proturclrurir
335 4217 563 4293 Trallianum
593 4231 731 4295 recubu
767 4220 900 4311 uadit,
943 4242 1023 4292 cum
1054 4219 1203 4297 Gamese
1257 4320 1259 4323 Ι
