2632 4658
148 144 238 253 2³ss
412 146 595 251 upupa.
624 149 696 223 ιιι.
751 148 813 224 ιι.
868 94 1095 227 ιιι-ιιι
1152 212 1162 239 ,-

155 334 269 418 moris,
289 345 326 403 ut
346 356 409 403 uon
428 354 493 401 uno
516 335 656 403 contenti
668 338 834 424 augurio,
856 336 973 427 aliquid
991 337 1205 423 inchoarent,
1237 339 1292 409 uisi

118 428 122 435 '
156 423 243 512 prius
283 446 335 487 ex·
354 420 445 488 simili
482 422 733 489 confirmaretur.
794 421 892 489 Unde
939 434 1006 492 est:
1057 428 1180 529 Atque
1212 424 1292 493 lue

156 507 275 572 omine
290 504 411 591 firmo,
463 504 546 573 Nam
569 506 596 573 si
617 504 776 575 dissimilia
796 507 984 577 ridebantur
1002 522 1208 600 posteriora,
1233 509 1290 579 sol

158 592 313 659 rebantur
332 592 448 679 priora.
503 589 584 657 Inde
604 605 670 659 est:
1012 662 1042 675 ,Ι
1213 640 1229 655 ..
1268 672 1271 677 Ι

133 702 152 752 ⁶
247 677 429 759 Quantum
452 674 623 742 Chaonius
643 674 766 763 aquilo
786 675 944 741 veniente
964 675 1153 745 columbas.

158 760 243 828 Nam
264 760 369 850 aquila
398 762 466 827 sine
493 759 591 827 dubio
620 760 774 827 columbis
800 761 870 848 plus
897 772 1014 848 potest.
1062 762 1160 831 Beue
1188 774 1288 833 autes

157 843 393 933 Aeneae-opud
408 845 573 931 Virgilium
593 844 626 911 in
648 846 695 913 Vl
716 843 811 913 datur
832 846 1021 932 augurium,
1051 858 1170 936 utpote
1189 848 1287 919 Veue·

156 932 201 998 ris
214 933 278 997 filio
289 936 322 997 et
331 930 410 1017 regi.
442 931 569 997 Namet
581 930 873 997 columbaeVeueri
883 944 1016 1020 propter
1032 930 1247 1021 frequentem,
1257 947 1287 1003 ut

158 1015 305 1094 diximus,
322 1017 439 1083 coitum
454 1027 486 1083 et
499 1016 746 1083 foecunditatem
754 1027 961 1083 consecratae
970 1028 1063 1099 suut;
1084 1031 1118 1103 et
1128 1018 1285 1087 earumsd

117 1100 1286 1251 noregespertinetaugurium,quianumpuamsolaesuntsicutueoreges

157 1185 341 1254 incomrtnti.
365 1187 598 1266 Necabreest,
613 1184 750 1274 quodibi
774 1210 824 1251 em
836 1188 1091 1273 postorationem
1100 1188 1285 1257 Aeneaead·

153 1271 277 1361 jectum
290 1266 674 1357 estt'Siceffatuavesti
700 1270 886 1357 inpressit.
916 1272 1001 1339 Nam
1015 1282 1048 1340 et
1056 1274 1158 1342 effata
1167 1275 1285 1363 proprie

158 1370 234 1425 snut
253 1377 413 1442 augurum
437 1378 559 1443 preces.
615 1294 711 1421 Unde
743 1357 837 1422 etiam
860 1377 1001 1458 aggeres
1022 1371 1096 1446 post
1116 1360 1285 1447 pomoeria,
1309 1408 1316 1448 ,

158 1443 216 1507 ubi
236 1443 408 1529 captabant
439 1441 594 1526 auguria,
629 1439 820 1509 dicebantur
847 1442 980 1526 ellatus3
1018 1454 1051 1513 et
1078 1442 1156 1532 post
1183 1466 1286 1533 preest
1312 1484 1314 1489 .

118 1526 204 1595 read
225 1526 383 1614 captanda
405 1526 540 1611 auguria
565 1526 739 1591 immobiles
764 1526 812 1591 rel
840 1525 954 1593 sedere
980 1526 1029 1594 vel
1049 1538 1138 1597 stare
1159 1552 1287 1599 cousue-

160 1624 277 1678 veraut.
320 1611 425 1675 Porro
445 1623 633 1697 praepetum
654 1610 775 1691 avium,
794 1620 830 1679 ut
850 1611 894 1679 ait
913 1612 1062 1691 Servius,
1098 1614 1186 1681 aliae
1201 1636 1286 1705 supe·

53 1772 56 1791 .
159 1697 246 1762 riora
265 1707 392 1774 teuent,
423 1707 457 1762 et
483 1696 612 1782 proprie
642 1706 812 1784 praepetes
836 1694 1002 1779 dicuntur,
1032 1698 1112 1765 aliae
1132 1700 1288 1779 inferiora,

160 1792 194 1848 ct
213 1780 335 1847 inlerae
353 1793 595 1868 nuncupantur3
635 1781 920 1849 commuui‘autem
943 1785 1096 1851 vocabulo
1124 1796 1162 1852 et
1182 1786 1247 1853 bae
1262 1798 1290 1853 et

159 1867 231 1933 illae
274 1877 438 1955 raepetes,
469 1866 544 1953 quia
566 1888 676 1933 omues
698 1889 771 1933 aves
791 1867 915 1953 priora
932 1862 1235 1953 petuut'rolautes.

249 1890 300 2018 lb.
340 1952 457 2017 Merito
492 1952 720 2039 aruspicinam,
763 1951 1005 2039 horoscopicam
1022 1964 1076 2035 ,et
1109 1979 1152 2023 au
1181 1958 1289 2033 urium

160 2036 399 2117 matematicae,
431 2032 464 2099 id
493 2051 542 2103 est
570 2037 715 2117 vanitati,
742 2036 964 2121 subiecerunt,
998 2038 1073 2139 quia
1102 2041 1137 2107 iu
1155 1978 1219 2109 bis
1233 2040 1289 2109 lata

161 2123 324 2188 homiuum
356 2120 549 2187 constituere
582 2134 615 2189 et
645 2122 799 2200 scrutari,
842 2122 1058 2191 abominabilis
1081 2124 1177 2213 juxta
1206 2148 1289 2193 ιοιιι

163 2208 333 2294 theologos
361 2207 543 2293 superstitio
573 2228 746 2295 eassusque
774 2206 864 2271 labor
893 2208 949 2287 sit;
985 2207 1060 2275 lieet
1087 2209 1178 2277 idem
1201 2210 1291 2281 etde

165 2293 280 2359 ceteris
329 2290 485 2357 divinandi
534 2293 706 2379 generibus
749 2292 953 2358 asserendum
1000 2314 1063 2357 non
1103 2295 1292 2363 dubitemus

118 2378 271 2466 ueSaepe
305 2400 380 2444 vero
412 2373 499 2463 qnod
532 2401 572 2444 ex
611 2389 725 2445 natura
759 2377 874 2464 obtigit
901 2378 1032 2465 generi,
1066 2380 1189 2469 speciei
1223 2404 1292 2451 usus

162 2464 301 2529 assumit.
354 2464 460 2542 Sane,
494 2472 528 2526 ut
555 2461 672 2530 Cicero
696 2463 758 2540 ait,
790 2464 890 2530 curnis
920 2460 1078 2529 divinandi
1116 2466 1238 2556 peritia
1264 2466 1292 2533 in

162 2548 241 2615 duas
264 2548 430 2614 distributa
450 2557 500 2612 est
517 2552 635 2634 part'es.
685 2548 769 2615 Nam
791 2559 846 2614 aut
866 2548 956 2616 furor
977 2561 1040 2629 est,
1072 2561 1108 2617 ut
1130 2553 1166 2619 iu
1189 2550 1316 2621 ratici-

161 2634 360 2711 nationibus,
394 2642 449 2698 aut
470 2653 539 2708 ars,
571 2634 656 2700 utin
677 2631 896 2718 aruspicibus,
927 2634 1125 2721 auguribus,
1159 2636 1291 2724 genetl-

161 2718 249 2785 lincis
271 2728 305 2783 et
326 2716 484 2783 similibus.
526 2717 571 2783 Et
591 2718 672 2784 baec
692 2719 798 2783 omnia
816 2741 859 2783 ex
880 2741 917 2785 se
936 2719 1094 2806 pendent,
1125 2722 1205 2790 lieet
1225 2744 1291 2813 pro·

117 2803 239 2893 eopriis
271 2801 388 2867 finibus
420 2799 650 2868 contineantur.
700 2803 796 2869 Unde
835 2803 986 2890 Virgilius
1017 2806 1124 2873 omnia
1161 2808 1205 2875 ei'
1233 2808 1316 2890 dot,⁴

162 2910 259 2977 quem
279 2885 342 2952 vult
366 2887 542 2974 perlectum
570 2886 717 2973 intelligi,
739 2900 794 2954 ut:
1252 2928 1255 2933 ·

249 2971 322 3054 Qui
338 2971 510 3056 tripodes,
540 2971 654 3039 Clarii
674 2973 810 3052 lauros,
840 2972 902 3061 qui
924 2972 1041 3038 sidera
1061 2975 1187 3056 sentis,
1268 2970 1277 2979 ’

246 3058 297 3206 ΙΙιΪί
310 3055 489 3120 volucrum
507 3054 653 3144 linguas
673 3067 708 3122 et
728 3057 908 3145 praepetis
928 3060 1046 3123 omino
1063 3081 1218 3146 pennae.

160 3142 208 3210 Et
237 3142 277 3208 ai
299 3141 328 3206 i:
1027 3202 1029 3211 .

119 3249 156 3300 35
249 3225 315 3295 Cui
332 3222 503 3310 pecudum
513 3219 653 3307 fibrae,
683 3224 774 3289 caeli
792 3226 851 3290 cui
869 3224 987 3291 sidero
1005 3240 1151 3313 parent,

246 3313 295 3377 Et
314 3308 492 3375 volucrum
515 3310 565 3371 lin
595 3330 660 3372 uae
681 3319 716 3373 et
737 3309 906 3398 praesagi
923 3306 1096 3394 fulminis
1114 3300 1239 3401 igned..

162 3396 374 3485 Fulguritae,
408 3391 441 3456 id
462 3405 510 3459 est
531 3330 746 3479 fulguratores
777 3407 867 3462 erant
896 3391 962 3460 sive
993 3395 1047 3482 qui
1078 3396 1216 3487 fulgura
1239 3418 1290 3491 per·

162 3480 392 3551 incantationes
413 3477 595 3558 exciebant,
624 3477 690 3544 sive
710 3477 764 3567 qui
781 3478 832 3546 illa
853 3479 1044 3546 divinabant.

184 3565 188 3573 ’
249 3569 300 3634 17.
343 3561 392 3629 Ad
422 3563 579 3643 Venerem
608 3575 732 3644 autem,
767 3586 808 3629 ue
838 3565 928 3631 niruis
957 3562 1066 3650 vagari
1094 3587 1287 3647 accusemur,

121 3651 281 3727 soabhinc
300 3657 504 3727 revertemur.
547 3646 684 3715 Hiemali
703 3662 847 3737 tempore
868 3649 1007 3717 omnium
1027 3670 1137 3717 rerum
1157 3652 1286 3742 pulclui-

163 3735 242 3805 tudo
263 3735 402 3825 quodam
426 3734 521 3820 esitio
552 3730 683 3822 deperit.
732 3733 829 3799 Unde
854 3737 931 3803 ficta
959 3747 1010 3801 est
1037 3734 1147 3803 fabula
1177 3739 1232 3807 illa
1255 3734 1311 3805 dc'

164 3820 276 3888 Adone
310 3834 343 3888 et
372 3820 516 3898 Venere,
556 3828 589 3883 et
623 3840 642 3883 a
678 3818 828 3905 Remigio
865 3823 912 3888 sic
951 3819 1118 3886 elucidata.
1179 3825 1290 3903 Venus,

140 3907 283 4010 ‘inquit,
317 3905 459 3973 Adonem
493 3904 534 3969 ab
559 3925 577 3966 a
602 3922 639 3966 ro
659 3903 859 3970 intersectum
887 3904 964 3971 fusis
992 3905 1128 3972 lacrimis
1161 3908 1291 4010 plangit,

163 4015 239 4080 qum
272 4004 380 4059 terrae
414 3925 634 4074 pulchritudo,
671 4009 755 4137 :prae
790 4009 848 4078 per
888 3990 1046 4056 Venerem
1086 3991 1292 4078 significatur,

108 4077 287 4165 ,esplangit
318 4076 434 4151 solem,
469 4072 522 4158 qui
556 4093 615 4161 per
642 4073 669 4138 Α
694 4095 786 4138 onem
823 4073 1027 4161 designator,
1065 4075 1110 4141 ad
1140 4080 1292 4147 australes

164 4163 301 4231 circulos
321 4155 585 4240 descendentem,
604 4157 756 4247 spurcitia
777 4169 811 4228 et
830 4158 941 4247 rigore
960 4144 1086 4227 biemali
1103 4166 1200 4254 quasi
1221 4164 1293 4234 deu·

118 1966 156 2015 20
