2632 4658
413 100 597 215 upum.
624 106 691 187 u·.-
730 111 801 189 sa.
829 109 899 187 sa.
1178 114 1234 189 an

95 294 138 365 ad
160 315 244 385 qnos
263 314 324 387 per
344 294 520 363 convivium
540 296 719 378 numinum,
750 286 808 367 aut¹
825 318 884 387 per
904 298 1088 388 conjugium
1109 300 1233 369 venitur

95 380 243 449 dearum.
292 381 389 450 Unde
418 380 584 471 Virgilius:
628 384 696 451 cat
720 406 788 448 noa
821 386 930 447 risere
952 396 1134 471 parentes,
1169 411 1232 455 nec

93 468 181 533 deus
200 466 293 532 hunc
315 488 452 545 measa,
480 466 547 532 deo
567 468 803 555 condignate
824 464 934 532 cubili
950 480 1014 533 est.
1055 470 1230 560 Impetrato

95 564 201 619 autem
221 574 242 618 a
262 550 362 633 Jove,
390 572 488 640 quum
509 550 639 621 fulmina
659 552 721 640 ipsi
743 552 933 627 fabricaret,
966 552 1128 623 Minervae
1151 580 1228 625 con-

89 638 201 728 jugio,
234 636 310 703 dum
332 632 384 705 ilio
411 658 451 702 eo
474 647 583 727 spreto
602 636 829 716 reluctaretur,
859 649 953 704 uatus
982 650 1033 707 est
1051 664 1133 729 puer
1154 641 1227 710 dra}
1251 664 1270 717 s

95 722 218 791 conteis
239 722 391 811 pedibus,
422 722 474 809 qui
509 722 684 812 appellatus
715 736 764 789 est
795 722 1038 804 Erichthonius,
1076 728 1167 815 quasi
1187 727 1230 795 de

93 820 194 873 terra
228 819 264 873 et
297 808 362 873 tit-e
391 820 596 893 procreatum
633 830 708 885 nam
733 816 801 892 ἔρις
836 817 886 874 est
913 807 977 889 lia,
1006 806 1101 901 χθών
1122 824 1229 881 terra,

93 894 201 967 Quem
221 892 363 962 Minerva
384 892 416 957 in
438 893 518 972 cista
539 893 724 973 abscondit,
747 892 951 980 draconeque
972 895 1107 963 custode
1128 920 1146 963 a
1193 922 1230 965 o-

92 977 173 1059 sito,
193 976 319 1050 duabus
340 976 505 1047 sororibus
528 980 554 1045 Α
581 978 669 1045 ianro
692 1002 732 1046 ac
753 978 942 1057 Pandoraa,
973 978 1127 1069 Erythiae
1181 985 1226 1051 ia-

93 1065 175 1145 hus,
195 1063 366 1131 transmisit
388 1064 542 1149 observan
568 1086 638 1142 um,
674 1064 883 1145 interdicens,
919 1084 960 1128 ue
988 1066 1100 1135 cistam
1122 1069 1268 1155 aperi-10

87 1158 178 1251 reat
217 1148 369 1251 Virgines
388 1160 516 1229 autem,
546 1148 715 1253 interdicta
744 1149 846 1251 pingis
877 1158 1083 1251 appetentes,
1115 1154 1226 1221 cistam

89 1246 325 1390 ttttttai
340 1255 702 1407 fitistiim
719 1234 1227 1415 ”sititiatttttttttff

89 1420 188 1491 peum
208 1404 392 1493 refugiens,
423 1404 464 1469 ab
493 1426 532 1472 ea
561 1416 611 1471 est
632 1405 796 1485 educatus.
849 1403 1076 1474 Erichthonius
1107 1419 1224 1494 autem,

88 1486 131 1555 ad
153 1490 326 1578 tegendam
341 1488 458 1587 pedum
477 1487 671 1567 foeditatam,
692 1490 701 1507 ‘
725 1492 807 1571 notia
827 1491 927 1577 equis,
948 1502 1097 1562 usns‘ast
1114 1516 1221 1573 curru,
1230 1514 1265 1565 1⁵

86 1596 153 1726 ppo
174 1588 301 1679 tegeret
321 1574 370 1649 sui
389 1576 532 1664 corporis
548 1512 782 1665 turpitudiiiem.
825 1573 922 1643 Unde
951 1576 1102 1673 Virgilius
1120 1580 1153 1648 in
1172 1581 1223 1651 111

120 1681 295 1749 eorgrcon:¹
1189 1696 1192 1701 ·

35 1756 42 1779 ³
170 1772 318 1847 Primus
336 1772 585 1852 Erichthonius
604 1793 730 1847 cmrrsss
750 1782 786 1839 et
808 1780 974 1861 quattuor
994 1796 1102 1845 curus
1128 1758 1133 1767 ’
1202 1761 1205 1767 ’

170 1883 328 1979 Iungere
348 1908 470 1975 equos,
497 1884 700 1975 rapidisque
722 1880 811 1954 rotis
831 1881 994 1955 insistere
1014 1884 1136 1959 victor.

479 2072 551 2160 58,
610 2073 822 2171 Priapus,
1222 2094 1260 2146 so

169 2197 307 2287 Priapus
327 2198 388 2275 fnit
409 2197 451 2275 de
472 2198 671 2289 Lampsaco,
696 2196 823 2283 civitate
842 2196 1057 2284 Hellesponti,
1090 2193 1133 2276 de
1153 2217 1218 2286 qna

83 2278 193 2371 prdsns
228 2296 279 2351 est
313 2295 445 2373 propter
478 2285 570 2367 virilis
597 2284 730 2365 membri
761 2280 1023 2369 magnitudinem.
1071 2281 1154 2362 Post
1183 2282 1216 2348 in

83 2390 252 2447 nnmerum
281 2367 415 2437 deornm
444 2380 614 2458 resaeptus,
651 2370 764 2453 meruit
792 2392 864 2435 esse
893 2390 1007 2433 numen
1041 2366 1215 2437 hortorum.

82 2451 211 2533 Dicitur
237 2465 342 2529 autem
370 2478 520 2545 praeesse
553 2456 650 2537 hortis
682 2467 814 2545 propter
842 2452 1077 2529 fecunditatem.
1127 2452 1213 2519 Nam

81 2560 182 2689 puurn
204 2538 265 2619 alia
297 2554 384 2616 terra
415 2542 514 2608 semei
540 2540 656 2631 aliquid
687 2552 794 2619 creet,
835 2539 919 2619 horti
944 2560 1114 2625 numquam
1143 2538 1254 2609 sinens

96 2636 189 2705 ructu
210 2635 305 2707 sunt;
338 2638 372 2696 et
412 2648 489 2701 uum
519 2626 579 2707 aiio
614 2640 702 2696 terra
730 2624 827 2709 semei
856 2625 888 2689 in
917 2648 1000 2689 anno
1028 2634 1215 2713 proventum

81 2708 210 2790 haheat,
231 2712 343 2785 hortus
364 2712 404 2777 ha
429 2724 461 2779 et
482 2712 568 2779 multi
591 2711 692 2797 licem.
735 2713 796 2792 Est
816 2723 921 2792 autem
943 2710 1082 2795 minister
1103 2708 1213 2777 Liberi

79 2796 180 2883 patris
203 2807 236 2865 et
254 2797 335 2873 deus
362 2796 506 2877 libidinis.
589 2797 654 2864 nde
681 2798 781 2867 sacris
809 2796 877 2886 ejus
906 2796 1060 2875 interesse
1079 2792 1213 2878 dicitnr;

80 2901 155 2946 nam
175 2881 251 2945 sine
273 2882 394 2951 Cerere
412 2893 447 2947 et
469 2880 596 2959 Libero
604 2881 728 3035 piget
745 2881 784 2949 V
781 2905 881 2954 enisa.¹
916 2882 1069 2985 Priapum
1082 2879 1212 2983 quidam

80 2964 192 3037 dicum
213 2989 285 3035 esse
306 2966 466 3048 Adonem,
487 2966 585 3035 filium
636 2968 758 3048 eueris,
786 2967 840 3056 qui
861 2992 882 3050 a
902 2966 1024 3043 feminus
1046 2966 1169 3035 colitur.
1215 2989 1253 3038 aa

473 3136 545 3215 59.
596 3140 810 3231 Minerva.

163 3264 306 3331 Minerva
325 3264 516 3353 sapientiae,
546 3288 727 3349 armorum,
754 3279 788 3336 et
807 3266 933 3346 lanificii
953 3264 1016 3339 dea
1037 3288 1109 3333 essa
1129 3263 1209 3343 dici-

78 3362 141 3423 tur·
185 3349 279 3425 Quae
304 3351 445 3438 pingitur
464 3362 602 3431 armata,
622 3354 735 3443 tripiici
757 3366 844 3427 reste
864 3352 985 3431 induta,
1007 3360 1104 3437 caput
1124 3352 1209 3415 Gor-

76 3457 186 3523 gonae
205 3447 337 3523 gestans
357 3449 497 3539 pectore.
551 3438 693 3523 Minerva
714 3439 788 3507 ideo
812 3438 855 3502 da
875 3436 993 3507 vertice
1022 3434 1110 3505 Jovis
1130 3417 1208 3500 didi-

77 3535 131 3589 tur
151 3533 244 3600 nata,
267 3522 340 3609 quia
361 3522 522 3609 ingenium
541 3517 574 3600 in
595 3527 730 3590 cerebra
749 3522 886 3611 positum
908 3521 960 3603 sit
1007 3520 1086 3587 ideo
1113 3518 1249 3609 fingi-as

74 3618 129 3674 tur
165 3620 305 3685 armata,
348 3608 421 3695 quia
462 3607 615 3695 sapientia
648 3612 690 3679 sit
729 3609 857 3677 munita.
912 3608 1101 3695 Gorgonem
1134 3604 1210 3683 huic

76 3689 200 3759 addunt
221 3692 253 3758 iu
274 3702 417 3780 pectore,
441 3705 475 3759 ut
497 3692 542 3757 vir
561 3691 686 3782 sopiens
707 3708 860 3766 terrorem
882 3706 994 3762 contra
1011 3692 1209 3759 aduersarios

75 3788 186 3865 gestet
207 3775 239 3842 in
261 3791 375 3853 niente.
432 3778 569 3859 Gristnm
597 3802 670 3847 oum
699 3780 793 3869 galea
822 3778 918 3866 capiti
947 3778 1015 3867 ejus
1033 3780 1074 3845 im
1100 3784 1208 3853 ouant,

74 3877 111 3929 ut
132 3865 300 3930 cerebrum
322 3865 477 3953 sapientia
496 3877 530 3946 et
555 3880 710 3940 armatum
739 3868 780 3943 sit
801 3876 834 3933 et
864 3864 1025 3939 decorum.
1109 3862 1206 3951 riplici

74 3949 171 4015 etiam
193 3961 281 4016 veste
301 3951 427 4038 fingunt
442 3951 526 4021 hana
546 3974 618 4021 esse
638 3954 798 4029 indutam,
828 3950 914 4036 quod
936 3949 1089 4039 sapientia
1108 3960 1247 4029 testato

74 4035 273 4101 extrinsecus
296 4057 376 4102 raro
417 4049 642 4124 cognoscatur.
691 4041 736 4106 lit
770 4037 975 4106 conditricem
1011 4036 1205 4102 Athenarum

75 4141 147 4187 som
168 4120 288 4187 daona
343 4122 485 4190 Minerva
506 4122 588 4189 enim
621 4118 762 4213 Ἀθηνᾶ
796 4125 924 4190 Graece
952 4121 1083 4202 dicitur,
1115 4120 1205 4208 quasi
