2632 4658
274 132 278 210 Γ
292 166 474 270 uquaff.
504 168 575 242 m.
631 162 695 240 rt.
750 161 923 243 r--n
986 139 990 149 '
1091 98 1176 249 ess

15 350 254 451 poenitentiae
282 339 423 417 nre'irtem
452 348 579 438 pungit.
633 346 777 416 Primum
807 366 889 433 ergo
916 344 949 413 iu
977 368 1088 419 amore
1125 364 1175 420 est

14 435 206 518 inchoare,
238 435 417 509 secuudum
452 434 598 524 explere,
637 434 766 502 tertium
800 433 854 519 oe,
880 430 1011 498 crimine
1037 428 1174 537 peracto

15 522 211 608 poenitere.
253 522 298 588 nr
317 531 423 610 potest
442 518 651 609 hocquisque
672 543 730 586 seu
751 541 809 606 per
830 527 961 591 aetates¹
974 518 1174 609 distinguere

16 607 150 672 sonte
171 605 312 697 quolibet
331 601 504 674 eontubttu
527 618 688 672 annotare.
740 602 838 680 Quod
870 610 977 670 autem
998 604 1172 678 chimaera

18 710 178 760 amorem
199 691 368 781 designet,
388 691 489 760 innuit
509 692 665 775 Horatius
685 688 728 757 ad
749 700 907 758 amantem
926 689 1055 763 dicens:
1176 724 1194 775 5
1262 714 1265 719 ·

78 800 82 809 ’
125 777 202 845 Vax
223 779 407 864 illigatum
428 787 463 841 tc
483 775 671 863 triformi.
1167 814 1170 819 -

205 862 367 948 Regesne
387 860 546 948 expediet
567 861 762 928 Chimaera.
795 882 800 890 ·
1031 908 1035 915 -
1134 900 1139 913 ·

20 944 167 1012 Seruius
200 944 307 1035 tameir
336 948 413 1013 hoe¹
429 944 473 1012 ed
491 945 655 1013 historiam
687 954 823 1032 torquet.
877 928 1024 1028 Redcm,
1060 947 1172 1036 inquit,

18 1031 209 1098 Chimaera
229 1055 320 1099 mous
354 1030 487 1119 Ciliciae
517 1043 583 1111 est,
626 1030 715 1120 eujus
743 1031 842 1098 bodie
876 1032 969 1102 ardet
995 1054 1150 1106 cacumen
1157 1054 1172 1110 ‚⁴

10 1116 123 1206 juxta
143 1139 299 1183 eooumeu
320 1140 396 1185 rero
417 1117 525 1199 teones
545 1117 732 1195 mansitant:
771 1115 876 1182 medie
910 1128 1214 1207 autem'pascueqo

19 1212 128 1284 suut3
161 1204 225 1268 ima
244 1225 320 1268 vero
342 1203 541 1291 serpentibus
567 1216 644 1270 sunt
686 1203 764 1268 lena.
808 1203 906 1277 Hune
934 1216 1071 1271 montem
1093 1204 1170 1271 Bei-

17 1285 187 1376 lerophon
210 1287 409 1355 habitabilem
430 1289 526 1370 feeit3
551 1288 636 1355 unde
657 1226 860 1356 brumae-am
875 1287 1171 1357 dieituroeeidisse.
1216 1286 1220 1301 '

18 1373 130 1439 Hanc
151 1373 226 1439 satis
249 1387 378 1463 aperte,
401 1373 461 1441 sed
483 1375 645 1456 fabulose,
668 1372 819 1442 describit
841 1373 994 1456 Ovidius,
1015 1375 1147 1442 dicens:

31 1481 35 1489 ·
117 1445 1210 1631 tzurt‘tttttsttnnttttutttuuu,

270 1623 273 1627 ,
489 1590 500 1625 r
1044 1594 1053 1610 ·
1114 1599 1117 1603 ·
1175 1578 1187 1628 i

239 1650 628 1759 lesnaedenan
657 1682 772 1758 eee'li
810 1683 958 1781 signa.

115 1802 148 1868 l.
190 1801 462 1870 Duodecimsuut
481 1802 575 1888 signa
597 1800 694 1880 caeli,
729 1798 850 1867 seilicet
879 1802 991 1882 Aries,
1025 1803 1176 1884 'Pueros¹

15 1885 176 1967 Gemini,
198 1889 342 1966 Cancer,
363 1884 454 1969 Leo,
476 1888 601 1974 Virgo,
627 1886 747 1965 Libra,
775 1885 930 1972 Scorpio,
959 1888 1166 1975 Sagittarius,
1199 1968 1203 1973 Ι

15 1973 259 2061 Capricornus,
281 1972 437 2061 Aquarius
458 1981 492 2039 ct
504 1973 627 2040 Pisces.
668 1968 819 2061 Juppiter
834 1973 947 2057 genuit
963 1994 1004 2038 ex
1026 1975 1211 2061 quadamee

14 2058 182 2148 Nympha
216 2058 401 2150 Nepheien,
434 2080 529 2147 quam
562 2057 730 2136 Athamas,
762 2074 827 2122 rex·
850 2056 1042 2136 Thebanus,
1075 2059 1167 2127 duxit

11 2166 182 2222 uxorem,
217 2166 255 2211 err
277 2166 348 2234 que
376 2145 490 2231 genuit
510 2143 664 2210 Phrixum
697 2152 731 2208 et
756 2139 881 2207 Hellen.
935 2142 1008 2217 Qua
1039 2158 1168 2212 mortue

12 2229 75 2296 his
101 2227 288 2317 superduxit
314 2230 466 2312 Inonem,
496 2230 591 2296 filiam
614 2225 746 2307 Cadmi,
786 2249 871 2315 quae
890 2250 981 2294 more
999 2240 1168 2301 -novereee

10 2315 27 2379 i
75 2337 115 2381 os
148 2311 224 2380 odio
253 2316 364 2382 habuit
390 2316 422 2381 iu
448 2326 593 2396 tantum,
624 2313 713 2404 quod
740 2311 907 2379 dedomo
933 2316 1059 2401 expetii·
1077 2316 1163 2393 feeit

13 2338 92 2474 ghi
115 2414 212 2488 quum
234 2399 276 2467 ad
297 2403 644 2491 mare-pervenissent,
672 2399 821 2486 Juppiter
845 2421 932 2466 ‹arus
949 2400 1017 2481 'veh
1053 2414 1091 2468 ut
1106 2401 1206 2487 La'ffib't

12 2484 155 2565 dicunt,
175 2486 233 2552 lsis
256 2497 426 2554 matertera
449 2486 540 2553 dedit
555 2486 593 2552 iis
614 2485 745 2551 arietem
766 2505 899 2550 aureum
922 2484 1017 2571 relius
1038 2486 1162 2552 haben-

13 2582 109 2649 tem,
131 2592 196 2658 quo
217 2574 462 2640 transfretarent
482 2594 571 2641 mare
591 2574 654 2639 hoo
673 2580 781 2658 pacto,
802 2588 845 2636 ne
864 2581 950 2636 retro
972 2572 1167 2660 aspicerent:

10 2656 123 2732 Helie
137 2702 140 2707 -
154 2679 229 2723 rero
258 2669 295 2726 nt
320 2659 518 2726 incontinens
548 2669 580 2724 et
607 2656 717 2725 timida
738 2664 825 2721 retro
843 2657 981 2745 aspexit,
1006 2657 1163 2726 undeet

10 2742 52 2807 in
89 2760 182 2808 mare
203 2764 309 2809 mersa
338 2754 418 2817 est.‚·
451 2745 533 2811 inde
568 2741 870 2829 Hellesponticum
900 2752 1001 2808 ‘mare
1034 2742 1160 2811 dicitur.

10 2827 163 2892 Phrixus
184 2830 341 2909 transivit,
374 2827 716 2906 arietemexcoriavit,
747 2827 869 2892 corium
898 2848 978 2895 auro
1009 2828 1208 2919 implerique·

11 2924 63 2979 et·
87 2912 183 2980 Marti
212 2914 244 2978 in
273 2914 397 2982 Colcho
426 2916 527 2983 insula
564 2913 732 2979 dedicarit.
783 2912 872 2979 Caro
900 2934 989 2979 vero·
1006 2915 1160 2983 translate

10 3008 72 3066 est
94 2998 127 3062 in
147 3000 287 3080 caelum,
325 3013 358 3069 et
385 3022 425 3066 ex
455 3022 500 3068 ea
518 3000 635 3066 factum
657 3011 707 3065 eat
725 2997 854 3082 signum
875 2996 1033 3080 caeleste,
1069 2999 1162 3087 quod·

10 3082 115 3153 Aries
136 3082 261 3151 dicitur.
303 3084 349 3153 Et
374 3086 460 3167 'uia‚
496 3105 598 3173 quum·
622 3084 681 3151 fuit
708 3081 741 3146 in
768 3082 878 3168 litore,
907 3095 995 3150 retro
1024 3087 1159 3173 aspexit,

10 3181 184 3258 tamquam
217 3168 323 3236 rolens
394 3168 474 3237 elien
505 3169 631 3249 ridere,
671 3167 751 3239 ideo
774 3168 821 3234 sic
833 3166 872 3232 in
895 3168 986 3236 caelo
1014 3183 1159 3259 apparet.

10 3253 601 3345 Physicedtcttmessesotnnnete,
623 3253 1163 3348 quievernaii'aequiuoctiousque·

10 3339 62 3409 nd
76 3341 258 3408 autumnale
271 3343 372 3415 currit
385 3345 447 3447 per
458 3340 947 3430 dernumtatusnegnispnaeta
967 3344 1051 3411 sieut
1064 3346 1153 3413 Aries

10 3446 150 3513 semper
160 3426 211 3492 ino
223 3436 371 3531 tempore
384 3430 539 3497 rue'umbit
550 3431 581 3494 in
599 3428 745 3494 dextrum
760 3427 854 3501 latus,
888 3428 940 3494 -Et
954 3430 1035 3497 sicut
1050 3430 1098 3496 soi
1113 3432 1196 3505 obss

10 3512 192 3579 nuwmnaii
202 3513 402 3601 aequinoctio
411 3514 573 3604 usquead
583 3513 709 3591 vernale
719 3511 807 3578 'radit
819 3530 879 3615 per
890 3513 1048 3579 sinistrum
1061 3512 1154 3593 latus,

10 3598 177 3666 sio-ane
197 3620 324 3686 semper
344 3600 395 3666 iiio
416 3612 563 3688 tempere
581 3599 735 3678 incumbit
754 3599 786 3663 iu
808 3598 966 3664 sinistrum
985 3595 1076 3663 intus.
1130 3626 1143 3635 ··

86 3683 136 3749 -n
177 3685 323 3771 Agenor,
343 3708 400 3751 ren
422 3686 452 3752 L
476 3688 556 3769 diae,
577 3685 632 3772 qui
653 3685 741 3752 etin
762 3683 855 3773 'Pyro
877 3693 911 3747 et
933 3679 1054 3748 Sidone
1075 3702 1154 3770 reg·
1194 3716 1198 3723 ·

10 3766 116 3845 norit
136 3765 231 3836 filiam
250 3769 362 3837 hebuit
381 3711 535 3839 mirihoae
558 3771 690 3850 formae,
710 3769 836 3835 nomine
860 3765 1034 3853 Europam,
1053 3790 1151 3856 qnam

10 3850 217 3943 Juppiterin
229 3856 341 3944 speeie
354 3857 482 3926 'candidi
492 3857 575 3927 tauri
592 3855 705 3944 rapuit.
741 3854 835 3922 Unde
847 3860 960 3942 postea
975 3851 1007 3917 iu
1021 3853 1192 3939 signumto

10 3938 148 4005 honoris
158 3949 266 4008 murus
278 3942 515 4012 translatus'bst
536 3943 568 4008 in
582 3942 714 4022 eaelum,
734 3953 816 4008 etex
833 3950 874 4005 eo
889 3939 1006 4005 factum
1021 3939 1149 4025 signnm
1198 3942 1202 3973 ¹

10 4023 106 4177 pund
127 4023 244 4093 dieitur
264 4026 418 4096 usurus
445 4031 502 4098 nni
524 4028 660 4109 dieunt,
674 4027 762 4116 qnod
782 4027 842 4094 fuit
861 4044 976 4103 vacce,
1004 4022 1035 4088 in
1058 4024 1147 4114 eujus
1278 4102 1281 4115 ἱ

23 4132 121 4177 orme
144 4111 272 4192 initio,
293 4113 355 4193 filia
372 4114 482 4184 Inachi
498 4115 606 4196 'fluvii,
651 4118 712 4181 uae
730 4113 882 4183 translata
903 4118 952 4175 est
971 4109 1003 4174 in
1022 4111 1144 4178 caelum

10 4198 201 4284 in'tsignum
220 4200 339 4268 amoris
365 4201 462 4271 Joris.
511 4199 608 4272 Unde
627 4138 762 4271 bridius
790 4201 821 4268 ie
842 4196 1100 4293 Metamorphos':
1193 4236 1197 4242 ·

55 4372 67 4411 l
177 4348 180 4353 ,
