2632 4658
304 132 527 259 “nyma
556 157 627 237 ιιι.
670 153 848 265 .c‚,·11.,
1077 148 1160 229 sorr

10 344 109 433 lapis
138 356 191 413 est
222 344 385 415 caeruleus
425 343 573 409 mirabilis
611 337 778 424 variaeque
806 346 959 419 naturae,
991 339 1160 427 aliquando

10 429 220 511 nebulosus,
256 427 424 519 aliquando
447 451 584 516 purus,¹
607 435 642 491 ut
670 425 807 502 fluctum
839 433 874 489 et
900 435 951 491 est
980 448 1161 514 purpureae

10 516 114 598 lucis,
162 517 279 594 namus
293 539 367 582 cnm
385 521 463 580 aere
481 513 597 599 mutari
620 508 771 587 videatur,
795 518 828 574 et
843 509 940 596 friget
960 511 992 575 in
1013 535 1073 599 ore
1085 534 1160 600 por-

10 614 122 671 ratus.
185 603 317 669 ribuitur
328 599 496 687 Scorpioni
506 610 636 688 propter
648 594 901 687 illiusutemporis,
915 596 947 662 id
959 608 1008 663 est
1021 598 1160 669 Novem-

10 688 102 769 bris,
120 687 262 755 colorem
276 686 472 753 nebulosum.
501 681 678 774 Crystallos
690 690 739 747 est
754 681 831 769 lapis
847 683 1184 770 eraquapraeduro-t

10 785 92 854 tus,
138 773 173 839 id
237 795 277 838 ue
312 796 333 840 a
387 770 468 837 lacie
500 791 617 837 nomen
647 767 786 833 sortitus
838 766 938 835 Nam.
958 765 1162 857 apostalice

10 861 161 925 flmece
194 859 328 946 gcciea
358 793 509 929 licitur„
540 852 751 923 Assimilatur·
766 852 959 937 Sagittario,
1004 856 1078 943 quia
1120 878 1161 922 eo

10 966 159 1024 mense,
180 965 244 1047 quo
265 942 314 1008 sol
334 942 367 1008 in
380 941 565 1028 Sagittario
588 951 653 1016 est,
675 938 709 1005 id
728 948 779 1004 est
798 936 988 1020 Decembri,
1025 964 1108 1027 aqua
1127 942 1162 1008 in

10 1028 168 1117 glaciem
180 1027 314 1115 incipiat
334 1027 526 1116 exasperari.
575 1025 713 1092 Adamas
733 1022 812 1110 lapis
834 1036 884 1091 est
903 1025 1096 1110 insecabilis,
1128 1028 1161 1093 iu

10 1116 207 1202 quantitate
237 1113 352 1179 nucleo
380 1112 546 1179 Atellanae
572 1110 753 1199 aequalis„
773 1120 881 1176 tantae
910 1111 1092 1190 soliditatis,
1125 1126 1205 1185 utro

10 1198 113 1267 nullo
134 1200 182 1279 vi,
214 1211 350 1286 excepto
371 1198 493 1265 hircino
514 1199 688 1283 sangnine,
716 1193 841 1261 domari
858 1198 967 1283 possit
1002 1200 1161 1265 attribui-

10 1296 76 1351 tur
101 1283 303 1373 Capricorno
347 1297 457 1372 ropter
471 1278 637 1357 ,dentiam
658 1292 692 1348 et
721 1281 937 1349 austeritatem
967 1284 1083 1351 mensis
1104 1285 1161 1353 Ja-

10 1372 149 1450 nuarii,
184 1388 247 1455 quo
284 1309 345 1436 sol
368 1369 601 1457 Capricomnm
631 1378 756 1434 tenet'.
783 1366 921 1454 Hydotis
953 1368 1055 1436 fulvus
1083 1370 1162 1457 lapis

10 1467 75 1523 sst-
99 1469 135 1524 et
156 1453 331 1535 rotundus,
367 1457 449 1521 intra
470 1477 508 1523 se
525 1455 647 1539 babens
668 1453 762 1517 alium
776 1452 941 1543 lapidem,
976 1455 1065 1545 cnjus
1087 1479 1159 1523 ore·

10 1541 114 1629 pitus
136 1562 270 1606 sonorus
289 1550 355 1619 est,
382 1540 618 1608 licet'tinnitum
639 1538 723 1604 illum
745 1560 808 1604 non
828 1538 1015 1606 de-intemo
1043 1542 1157 1628 lapillo,
1169 1570 1204 1620 15

10 1625 85 1693 sed
103 1626 149 1695 dc
169 1627 296 1712 spiritus
319 1625 483 1712 enjusdam
503 1626 660 1693 interioris
681 1635 772 1691 motu
794 1647 866 1690 esse
887 1627 1023 1691 nonnulli
1047 1651 1160 1695 sanse-

10 1712 102 1778 rint.
146 1710 293 1778 lesudat
314 1733 412 1799 aqua,
448 1714 493 1778 ito
513 1725 550 1778 ut
582 1711 730 1789 clausam„
746 1709 779 1774 in
811 1732 851 1774 eo
877 1723 970 1796 putes
1001 1713 1162 1782 fontanam

12 1796 279 1881 scaturiginem
302 1797 386 1862 unde
408 1809 442 1863 et
458 1801 499 1863 ab
523 1794 682 1882 troald
704 1804 884 1880 estoque,
910 1819 1024 1863 nomen
1047 1799 1163 1867 dicitur
1269 1874 1272 1883 ,

10 1880 195 1951 menn‘sse
237 1883 451 1969 comparatur
471 1881 609 1970 Aquario
631 1891 763 1967 propter
783 1880 893 1945 nimias
915 1880 1051 1967 pluvias,
1079 1907 1162 1970 quac

10 1989 151 2035 mense·
164 1966 364 2045 Februario,
396 1967 463 2034 sole
492 1967 663 2054 Aquarium
690 1978 837 2045 tenente,
867 1965 1022 2033 inundare
1050 1970 1204 2049 solentne

10 2054 96 2121 Per
118 2050 289 2117 duodecim
309 2075 455 2139 gemmas
475 2074 614 2118 coronae
631 2049 800 2116 duodecim
820 2073 950 2138 quoque
970 2053 1032 2118 diei
1054 2056 1161 2138 horas,
1266 2098 1270 2105 ·
1294 2046 1297 2069 ¹

12 2158 115 2227 quae
137 2158 197 2224 per
214 2137 288 2203 solis
311 2161 443 2205 cursum
462 2138 715 2224 distinguuntur,
745 2137 913 2222 accipiunt
955 2139 1051 2207 Unde
1072 2152 1158 2208 ests.

59 2256 77 2267 -·
409 2280 415 2295 ,
660 2221 772 2285 rodilo
795 2243 844 2285 αθ·
862 2234 1038 2289 sacratum

107 2308 182 2374 -Bia
204 2308 296 2370 senio
312 2305 502 2393 perbibent·
523 2317 630 2392 caput
644 2329 755 2371 aurea
813 2305 911 2370 mina
930 2304 1035 2389 serre,
1079 2362 1085 2373 t

89 2434 93 2445 ·
114 2393 220 2475 Quod·
239 2391 383 2456 totidem
405 2412 557 2468 rnencea,
588 2391 738 2455 totidem.
753 2391 844 2477 quod
862 2387 1003 2490 conjicio
1024 2397 1137 2462 dorus.
1165 2428 1203 2481 π

15 2476 129 2554 Quod
170 2499 246 2542 vero
277 2475 318 2541 de
352 2472 509 2562 lapidibus
536 2473 598 2540 illis
632 2475 718 2540 alind
755 2475 801 2541 rel
829 2486 995 2562 mystrcum
1016 2481 1161 2569 theologi

19 2564 76 2629 vel
96 2562 244 2630 naturale
264 2562 420 2627 senserint
434 2559 571 2649 physici,
592 2559 622 2625 in
642 2561 787 2648 ipsorum
797 2559 922 2647 scriptis
941 2562 1159 2654 investigetur.

15 2648 166 2717 Deliae
187 2669 306 2714 corona
325 2647 357 2712 in
379 2646 742 2734 principim'l'hebaidos
764 2644 901 2714 Statius:
1154 2710 1157 2717 ,

90 2737 196 2827 Ἰ,Ιρεθ
216 2733 288 2797 tuis
309 2733 382 2797 alte
402 2732 601 2797 redientem
622 2731 785 2799 crinibus·
806 2754 927 2799 orcum
1120 2786 1125 2799 .
1151 2794 1154 2799 .

103 2817 303 2905 Jmpamat
651 2862 654 2869 ·
993 2880 995 2885 .
1106 2878 1121 2893 -.
1151 2841 1201 2891 M

116 2904 169 2969 11.
212 2903 300 2969 Sane
336 2900 410 2987 qnia
444 2898 536 2984 signa
566 2897 811 2978 nominavimus,
840 2900 887 2971 ¹de
918 2903 1104 2971 nominibus
1127 2918 1160 2979 et

19 2988 223 3059 ratiotribns.
244 2987 384 3074 ipsorum
416 2981 501 3051 ‘usto
532 2997 674 3052 veterum
717 2984 903 3066 sollertiam,
944 3010 1030 3074 quae,
1048 2987 1159 3061 ,stellis

18 3070 181 3143 numeros
202 3083 236 3139 et
254 3071 380 3137 nomina
398 3008 491 3148 (lecit,
521 3091 584 3136 non
605 3068 715 3137 inutile
735 3069 859 3137 videtur
884 3095 988 3174 panca
1008 3074 1160 3161 perstriu-¹

19 3182 122 3249 gere.
164 3157 331 3246 deprimo
350 3150 533 3232 sciendum,
554 3157 648 3242 signa
669 3156 738 3241 ipsa
758 3156 833 3222 nibil
854 3157 1041 3238 aliudesse,
1063 3182 1159 3246 quom

20 3255 135 3315 cesto-2
152 3243 230 3311 caeli
260 3241 361 3330 spatia
392 3262 432 3305 ex
446 3238 629 3308 ..stellarum
657 3241 813 3327 positione
846 3255 878 3310 et
910 3243 1039 3320 ordine,
1077 3245 1201 3325 miraas

14 3330 150 3400 ¹ostiolo
176 3351 267 3399 orum
298 3326 476 3414 sagacitate
506 3324 694 3414 quibusdam
708 3327 807 3429 qnasi
832 3325 980 3396 limitibus
1008 3329 1171 3401 determif'

19 3428 124 3485 nota·
188 3424 334 3500 ottquam
358 3412 444 3479 enirn
458 3410 675 3499 frequentibus
705 3412 924 3501 diuturnisque
955 3414 1066 3502 vigiliis
1087 3436 1158 3480 eer-

20 3513 96 3571 tam
120 3500 199 3569 caeli
228 3498 395 3584 regionem
424 3493 630 3577 dinorerunt,
662 3520 759 3600 quam
785 3497 833 3564 sol
860 3500 907 3565 ita
932 3521 1036 3565 annua
1063 3521 1157 3587 pero-

21 3586 179 3676 gratione
197 3585 394 3661 transcurrit,
417 3592 453 3648 ut
473 3580 515 3649 ad
530 3582 806 3671 septentrionalem
819 3605 990 3671 numquam
1004 3586 1156 3653 verticem
1216 3648 1220 3655 .

23 3671 202 3759 ascendat,
231 3669 274 3736 ad
297 3667 465 3736 australem
485 3689 656 3755 numquam
677 3667 838 3735 cardinem
860 3669 1050 3750 descendat,
1062 3666 1070 3731 ,'
1085 3672 1200 3758 ipsam

21 3755 196 3825 latitudine
214 3798 217 3803 -
236 3756 372 3822 duabus'
392 3752 594 3834 altrinsecus,
640 3763 675 3820 ut
705 3753 844 3834 videtur,
892 3755 981 3824 lincis
1015 3757 1156 3832 limitata,

20 3842 259 3930 longitudinem
295 3842 405 3916 etiam,
442 3837 474 3903 id
508 3849 557 3905 est
593 3838 678 3905 illum
706 3839 784 3906 caeli
821 3842 990 3922 ambitum,
1027 3843 1060 3907 io
1086 3842 1156 3919 ΧΠ

20 3942 137 4019 portes
170 3927 321 3993 divisere.
381 3926 489 4001 Quos,
530 3933 566 3991 nt
597 3924 729 4011 legitur,
765 3927 945 3995 subsecuta
976 3930 1153 4016 posteritas,

19 4015 133 4105 primo
155 4023 263 4102 partes
283 4010 348 4075 illas
379 4008 571 4095 generaliter
598 4013 690 4096 signo
719 4011 894 4100 appellavit
945 4015 1019 4082 Nec
1044 4017 1155 4083 incoo-

68 4122 132 4176 ue,
169 4122 265 4187 quum
293 4096 505 4184 percognita
531 4095 672 4183 ipsorum
703 4098 806 4185 spatia
852 4101 1030 4178 stellarum,¹
1046 4150 1052 4159 -
1067 4124 1197 4190 quaeso

16 4184 219 4254 immobilem
240 4183 400 4250 continent
420 4181 624 4269 positionem,
657 4193 689 4250 et
710 4183 784 4253 solis
803 4184 900 4273 ipsius
926 4180 1152 4273 processns'et
