2632 4658
284 164 468 271 onum.
497 167 570 242 ru.
625 116 698 240 ut.=
731 165 897 255 με.
969 114 988 189 “’
1074 112 1164 246 esc

15 381 105 426 earn.
121 354 318 444 adpulsum
341 353 440 420 duxlt
481 352 630 440 Erigone
648 375 746 443 quum
764 352 824 424 'diu
845 353 888 423 ad
904 363 1035 444 puteum
1057 357 1161 438 fleret,

14 443 157 510 tandem
195 464 269 509 cum
304 438 460 506 canicule
481 437 633 506 translata
666 451 716 508 est
743 441 776 507 in
805 441 945 521 caelum,
984 452 1019 509 et
1047 463 1088 508 ex
1120 465 1160 511 ea

16 529 148 595 sactum
187 538 237 593 est
274 525 401 612 signum
429 522 518 612 qood
554 522 671 612 dicitur
713 527 833 614 Virgo,
861 539 907 609 ¹et
941 546 995 592 ex·
1018 526 1161 598 canicula

21 629 152 681 astrum
172 611 365 700 principale,
398 608 487 697 quod
516 620 566 675 est
591 610 684 698 juxta
705 611 743 678 Vi
787 614 888 692 'nem;
925 611 957 678 iu
1001 634 1042 680 uo
1060 636 1157 701 quum

19 699 75 768 sol
96 710 165 783 est,
184 697 333 777 dicuntur
354 693 423 761 dies
445 694 663 776 Caniculares,
686 695 764 763 ferri
788 699 797 762 i
819 707 852 764 et
870 697 943 764 malr
963 634 1007 764 ab
1025 699 1182 778 moderna

24 784 204 852 caniculae.
258 781 315 849 Sol
345 780 480 847 dicitur
497 800 570 847 esse
597 780 629 847 in
660 782 810 868 Virgine,
838 784 927 870 '‘quin
955 785 1039 852 sicut
1064 787 1157 872 virgo

23 870 161 950 sterilis,
183 867 230 934 sic
250 889 347 954 quum
369 865 417 932 sol
438 863 580 932 decurrit
599 887 658 954 per
676 866 752 933 illud
772 868 919 954 signum,
949 879 1037 943 terra
1066 872 1158 937 steri·

24 957 66 1023 lis
78 966 139 1022 *est
157 964 192 1020 et
212 952 320 1034 arida3
342 974 414 1017 nam
437 960 569 1039 propter
588 951 663 1019 solis
686 951 886 1024 adustionem
906 954 980 1020 nibil
1000 956 1093 1043 parit

114 1044 147 1108 7.
186 1038 227 1103 ln
250 1036 332 1103 bello
352 1037 522 1102 Thebano·
545 1034 652 1103 Pallas
683 1061 755 1104 cunr
776 1034 975 1128 ‘quibusdam
1004 1039 1071 1107 aliis
1099 1038 1158 1115 diis

24 1126 159 1193 larebat
177 1123 331 1203 Graecis;
363 1122 531 1199 Bocchus,
564 1122 639 1210 qnia
660 1123 835 1192 Thebanus
865 1136 951 1204 erat,
987 1147 1061 1191 curn
1082 1127 1156 1214 qui-
1165 1150 1201 1200 lo

25 1209 167 1296 busdam
189 1209 257 1274 aliis
278 1207 337 1274 diis
360 1207 485 1274 larebat
514 1204 689 1275 Thebanis.
743 1209 839 1277 Unde
868 1209 951 1277 inter
980 1209 1059 1278 deos
1086 1222 1158 1279 orta

26 1308 80 1364 est
98 1292 276 1372 discordia,
307 1291 434 1381 quinam
454 1290 611 1361 deberent
631 1294 793 1363 victoriam
812 1297 969 1379 obtinere.
1011 1295 1159 1384 Juppiter

26 1382 94 1448 hoc
114 1380 223 1446 ridens
245 1376 328 1446 sedit
347 1379 385 1443 in.
400 1377 562 1444 Parnasso
590 1390 716 1461 monte,
743 1382 803 1469 ‘qui
831 1393 881 1448 est
896 1382 988 1472 juxte
1014 1382 1158 1460 Thebas,
1184 1414 1188 1425 «

26 1463 291 1534 auream'librem
314 1475 428 1530 tenens
457 1463 488 1528 iu
511 1469 645 1545 manu,
665 1474 705 1531 ut
734 1466 791 1533 de·
805 1479 942 1556 utraque
967 1465 1159 1536 deliberaret

24 1563 131 1705 ἔξω
170 1548 221 1618 Ad
234 1551 351 1616 exitum
369 1560 476 1616 autern
488 1548 563 1615 belli
581 1549 651 1639 ipse
668 1548 744 1620 ridit
758 1553 890 1643 aequale
906 1575 977 1619 esse
992 1552 1201 1641 judiciumln

119 1657 194 1705 mox
214 1634 255 1701 ad
277 1635 466 1701 'Phebanam
485 1631 734 1704 destructionem
751 1641 897 1707 Graecos
919 1640 1040 1705 habere
1060 1640 1159 1706 victo-

27 1724 112 1788 riam
140 1721 336 1810 percipiens,
370 1719 547 1786 Thebanos
579 1720 789 1803 de'udicavit,
815 1727 972 1791 ‘Graecos
1003 1724 1157 1791 exaltarit.

27 1806 129 1874 Unde
149 1808 192 1874 ad
211 1804 397 1872 memoriam
415 1805 505 1871 istius
528 1805 575 1871 rei
596 1746 676 1872 lilrra
704 1807 811 1876 delata
831 1821 881 1877 est
902 1810 933 1874 in
954 1809 1096 1890 caelum,
1124 1821 1159 1876 et
1231 1870 1234 1892 ,

24 1917 67 1958 ex
87 1915 128 1959 ea
149 1893 268 1958 lactum
298 1890 431 1978 signum
454 1887 601 1956 caeleste.
629 1926 673 1942 --
716 1894 823 1961 Aliter.
871 1892 972 1960 Libra
999 1895 1087 1962 lacta
1109 1906 1159 1960 est

25 1979 71 2045 de
93 1977 231 2044 brachiis
252 1975 445 2065 scorpiacis,
466 1998 551 2062 quae
571 1974 720 2046 dicuntur
742 1979 870 2058 chelae,
901 1979 984 2046 sicut
1004 1980 1087 2044 infra
1108 1979 1199 2050 ‹li-20

24 2075 131 2132 cetur.
184 2061 242 2129 Sol
262 2062 380 2129 dicitur
399 2083 479 2128 esse
498 2060 530 2125 in
543 2060 672 2144 «Libra,
703 2065 778 2152 quia
806 2086 904 2152 quum
926 2086 984 2152 per
1001 2064 1078 2130 illud
1099 2063 1158 2129 de-

24 2149 128 2216 currit
148 2149 296 2236 signum,
327 2157 378 2214 est
409 2145 665 2235 aequinoctium,
696 2162 731 2218 et
763 2148 984 2239 adaequantur
1013 2162 1159 2238 ternpore
1189 2166 1191 2179 ·

22 2234 168 2302 noctium
189 2232 384 2321 temporibus
407 2231 541 2298 rherum.
624 2289 627 2293 ,
768 2282 770 2289 r
815 2268 818 2275 ·
1139 2294 1142 2305 ,

112 2322 143 2386 8.
185 2320 293 2394 Quum
308 2317 446 2386 Chiron
482 2339 555 2383 curn
587 2316 650 2383 lilio
687 2342 747 2387 suo
784 2341 842 2408 per
879 2315 971 2385 silvas
1000 2317 1156 2395 transiret,

21 2406 350 2493 scorpio-immensae
369 2402 593 2489 magnitudinis
622 2403 720 2474 filium
748 2405 830 2495 ejus=
847 2425 950 2491 paene
980 2400 1199 2490 deglutivit25

22 2492 150 2558 Chiron
187 2491 324 2579 optimus
358 2491 529 2574 sagittator
567 2490 767 2577 scorpionem
805 2489 963 2579 percussit
995 2499 1028 2556 et
1059 2486 1182 2555 filium.

24 2576 188 2654 liberarit:
222 2587 255 2642 et
275 2575 323 2641 sic
352 2574 479 2662 scorpio
500 2573 670 2642 translatus
690 2587 741 2643 est
762 2576 794 2642 in
816 2574 948 2642 caelum.
968 2610 1011 2622 -
1028 2618 1032 2625 -
1052 2574 1156 2639 Aliter.

21 2663 191 2751 luppiter,
223 2661 392 2762 Neptunus
423 2672 461 2728 et
474 2657 654 2727 Mercurius
674 2683 749 2727 cum
802 2658 970 2728 uibusdam
999 2655 1066 2724 eliis
1097 2657 1156 2725 diis

22 2748 231 2832 circueuntes
254 2742 394 2811 diversas
422 2745 592 2833 regiones,
614 2745 753 2833 quodam
778 2683 919 2814 die-sole
939 2743 1158 2810 descendente

20 2842 239 2923 pervenerunt
257 2830 301 2897 ad
327 2830 458 2896 domum
488 2830 685 2919 Oenopiouis
716 2833 847 2912 rustici,
873 2831 928 2922 qui
944 2851 1005 2896 -eos
1026 2829 1223 2910 honori-'30⁸
1270 2827 1288 2869 ’-

21 2921 90 2987 lice
111 2917 267 3006 suscepit,
290 2926 322 2982 et
344 2917 471 2983 unicum
488 2917 618 2994 bovem,
637 2938 733 3004 quern
755 2917 911 2998 habebat,
944 2915 981 2981 iis
1006 2916 1155 3008 apposuit

20 3003 317 3073 manducandum.⁴
348 3001 414 3087 Ipsi
453 3011 560 3069 autem
594 3002 707 3068 relecti
736 3003 876 3070 volentes
906 3001 1030 3080 redire,
1064 3000 1154 3066 dise-

20 3099 102 3158 runt
137 3091 197 3179 ipsi
233 3086 430 3173 Oenopioni,
471 3096 508 3153 ut
537 3085 689 3173 quicquid
726 3087 819 3156 vellet
846 3097 986 3178 peteret,
1031 3095 1065 3151 et
1094 3087 1104 3150 i
1129 3085 1155 3151 si

20 3175 167 3243 daretur.
208 3173 283 3262 lpse
306 3182 413 3240 auteur
437 3170 527 3259 prole
543 3193 660 3240 carens
690 3172 799 3262 petiit,
831 3186 869 3242 ut
887 3172 948 3241 sibi
980 3108 1126 3236 liliumd

20 3272 106 3328 rent.
155 3259 218 3336 Qui
247 3258 393 3324 bovinum
425 3257 559 3324 corium-
574 3258 809 3347 perminxerunt
837 3271 871 3327 et
903 3259 1030 3346 plenum
1062 3279 1196 3345 sepe-se

20 3346 158 3426 lierunt;
191 3367 232 3412 ex
258 3366 322 3431 quo
353 3355 427 3431 post
459 3365 571 3409 norem
605 3367 729 3412 menses
764 3356 858 3413 natus
885 3356 936 3412 est
964 3342 1066 3408 Orion
1096 3362 1155 3408 seu
1185 3358 1190 3399 l

25 3426 181 3520 Οὐρίων,
202 3427 249 3494 .id
270 3440 320 3497 est
340 3449 379 3495 ex
399 3429 509 3492 urina
529 3429 666 3515 genitus.
717 3431 783 3505 Qui
815 3430 919 3497 factus
948 3439 1080 3495 venator
1100 3450 1156 3493 ro·

22 3517 84 3584 luit
110 3537 183 3582 cum
216 3513 323 3581 Diana
353 3514 586 3594 concumbere;
620 3536 705 3601 quae
732 3516 813 3583 irata
839 3514 924 3582 misit
954 3512 1155 3602 scorpionem

21 3602 200 3669 immensae
219 3598 444 3687 magnitudinis
461 3599 493 3663 in
516 3621 599 3677 eum,
618 3599 672 3686 qui
695 3600 827 3666 invicem
841 3598 1031 3688 proeliantes
1052 3610 1155 3666 trans-
1252 3620 1257 3627 ·

22 3686 226 3775 lntilsunt-in
247 3684 382 3770 caelum.¹
431 3683 515 3749 Nam
536 3684 704 3751 noluerunt
724 3684 768 3751 dii
790 3707 880 3752 suern
897 3684 1017 3773 prolem
1037 3684 1197 3772 perirem

22 3772 212 3841 uec'Diena
241 3793 335 3839 suum
364 3769 571 3857 scorpionem.
627 3768 728 3836 Orion
756 3770 888 3858 ensrfser
909 3768 1045 3849 dicitur,
1080 3770 1153 3857 quia

22 3859 222 3928 succinctus·
247 3865 317 3922 erat
348 3876 433 3921 ense.
489 3852 542 3920 ux
576 3856 745 3942 scorpione
768 3854 955 3942 ,secundum
985 3867 1165 4003 utramrpue

24 3942 167 4011 fabulam
196 3942 283 4009 facta
312 3950 388 4007 sunt
411 3939 479 4005 duo
509 3939 611 4027 signa.
660 3940 713 4006 Er
742 3942 896 4021 brachiis,
929 3962 1014 4029 quae
1043 3940 1167 4005 cheae*
1214 3980 1216 3985 -

24 4030 185 4108 dicuntur,
207 4027 327 4096 lactum
349 4036 399 4093 est
419 4024 546 4111 signum
567 4023 655 4128 quod
676 4025 793 4093 dicitur
813 4026 930 4105 Libra,
952 4047 991 4090 ex
1016 4046 1153 4112 corpore

23 4116 147 4182 facturn
180 4124 230 4181 est
253 4115 381 4201 siguum
412 4109 636 4197 quodldicrtcr
654 4111 800 4199 Scorpio.
851 4111 908 4179 Sol
939 4109 1055 4183 dicitur
1083 4131 1197 4179 esseae

23 4203 57 4267 in
80 4200 275 4289 Scorpione,
308 4195 383 4287 quia
401 4195 485 4265 sicut
514 4196 641 4286 scorpio
661 4199 777 4288 pungit
792 4218 852 4287 per
871 4195 1024 4293 caudam,-
1053 4194 1096 4263 ita
1118 4207 1151 4261 et
