2632 4658
127 135 211 211 roo
386 74 988 233 myrnapauser-s,
1087 146 1137 187 ,ι
1302 174 1308 269 ι

555 313 595 388 ll.
649 310 835 415 Apollo.

217 454 245 519 l.
279 450 422 518 Primum
435 451 523 518 Joris
543 448 641 518 tilium
662 449 835 539 Apollinem
855 446 969 515 volunt.
1013 446 1111 513 Hunc
1135 444 1264 525 divorsis

132 532 307 607 nominibus
336 548 520 626 nuncupant
545 548 578 605 et
611 537 671 604 sub
694 535 784 601 variis
805 533 1088 621 significationibus
1118 533 1264 623 fsequen-

133 625 251 689 tissime
272 635 402 710 ponunt.
458 623 585 690 Dicitur
605 620 734 711 Apollo,
768 617 802 684 id
824 632 872 687 est
889 619 1038 706 perdens
1063 620 1132 689 ,sire
1152 630 1264 683 exter-

111 709 293 788 aminens,
338 706 425 795 quod
459 731 517 775 suo
554 705 677 775 calore.
699 726 808 775 omnes
845 705 1015 769 herbarum
1049 716 1082 769 et
1114 704 1279 771 arborum

34 816 38 825 ·
92 823 96 830 ·
135 794 282 858 humores
312 793 429 879 pellere
460 793 614 860 videatur.
675 791 800 857 Dicitur
828 788 964 880 Pythius
994 786 1041 852 vel
1069 812 1088 855 a
1119 788 1264 877 Pythone

132 891 299 964 serpente,
321 902 415 966 quern
437 876 612 947 secundum
636 877 773 943 fabulam
795 898 869 941 mox
891 878 983 940 natus
1005 872 1181 953 interfecit,
1203 875 1264 941 siro

136 965 307 1028 aGra'cco
332 966 428 1029 verbo
449 959 565 1044 ntea,
585 962 672 1052 quod
696 962 874 1048 interrogo
899 960 1125 1046 interpretatur
1144 960 1174 1062 (i
1199 983 1263 1027 sum

101 1120 109 1140 .
135 1047 217 1111 enirn
251 1048 493 1136 interrogabant
525 1060 558 1116 et
586 1044 827 1130 consulebant),
877 1046 942 1133 sive
981 1037 1116 1129 pri-rrae,
1153 1067 1163 1109 r
1220 1057 1264 1115 est

93 1128 240 1216 'tofidem
261 1129 420 1220 offireos.
454 1133 547 1201 Unde
569 1145 603 1201 et
614 1133 795 1224 Pythonem
811 1130 936 1216 sagittis
953 1129 1084 1215 fingitur
1098 1129 1264 1213 occidisse,

136 1216 222 1302 quod
255 1217 355 1284 omnis
394 1219 473 1285 falsa
503 1219 690 1300 credulitas,
730 1238 789 1306 per
816 1218 964 1282 tenebras
988 1228 1075 1295 orta,
1105 1215 1264 1301 radiorum

136 1301 204 1390 ejus
229 1301 357 1388 fulgore
378 1303 579 1389 destruatur;
613 1297 722 1372 πειθὼ
743 1323 880 1388 namque
901 1299 1093 1366 credulitas
1113 1302 1264 1390 interpre·

137 1397 231 1453 tatur.
287 1388 344 1454 Sol
366 1390 541 1457 secundum
573 1390 712 1456 'l'ullium
732 1385 864 1465 dieitur,
903 1386 952 1451 vel
985 1384 1059 1475 quia
1098 1387 1194 1451 eolus
1227 1409 1264 1453 ex

137 1473 284 1559 omnibus¹
304 1472 459 1541 sideribus
483 1487 589 1544 tantus
618 1488 684 1556 est,
724 1472 771 1539 vel
791 1472 881 1560 quia,
916 1492 1014 1561 quum
1047 1480 1096 1537 est
1126 1483 1264 1551 exortus,

97 1556 232 1623 rastellis
254 1558 400 1626 omnibus
421 1561 616 1640 obscuratis,
654 1559 748 1623 solas
770 1566 912 1644 apparet.
962 1554 1085 1622 Dicitur
1105 1554 1227 1647 Lycius
1246 1579 1265 1625 o

44 1658 47 1668 ·
137 1641 242 1730 Lycio
276 1644 351 1710 fano
390 1646 476 1735 apud
504 1645 608 1712 Delon
636 1643 789 1723 maxim03
829 1639 913 1706 unde
938 1640 1106 1729 Virgilius:
1159 1640 1264 1727 Nunc
1303 1684 1308 1761 p

120 1740 179 1772 ¹—
200 1726 332 1813 Lyciae
351 1766 394 1778 —
414 1742 542 1810 sortee3
564 1731 630 1798 sire
651 1753 670 1795 a
692 1722 786 1816 λύκῳ,
811 1726 845 1792 id
867 1738 916 1793 est
935 1724 1026 1813 lupo.
1069 1727 1163 1794 Sicut
1186 1726 1266 1797 enim

137 1810 227 1899 lupus
248 1835 367 1900 peoora
386 1813 554 1897 dilacerat,
590 1817 637 1882 sic
657 1812 789 1879 ¹fervore
809 1835 870 1878 suo
899 1832 1025 1877 omnem
1054 1811 1100 1878 sol
1128 1810 1266 1889 exsiccdt
1306 1820 1308 1879 l

137 1897 312 1966 humorem.
354 1899 442 1968 Hinc
466 1902 600 1981 etPan,
623 1899 677 1988 qui
699 1900 811 1965 ovium
821 1897 936 1964 dicitur
957 1893 1046 1972 deus,
1067 1896 1153 1984 quod
1176 1898 1265 1985 lupos
1305 1896 1308 1917 ¹

96 1983 180 2046 abab
202 1981 273 2049 ovili
293 1998 419 2060 arceat,
452 1987 601 2076 Lycaeus
623 1984 804 2075 appellatur.
858 1982 960 2071 Cujus
985 1980 1061 2069 quia
1089 2004 1169 2049 casu
1191 1982 1265 2057 leci·

137 2090 207 2131 ruris
240 2069 448 2150 mentionem,
493 2073 621 2139 brevem
655 2093 717 2137 nec
746 2067 886 2135 inutilem
919 2065 961 2134 de
996 2089 1035 2131 eo
1064 2067 1265 2156 subjiciamus

139 2151 382 2239 digressionem

144 2319 146 2324 .
220 2256 250 2319 2.
294 2256 365 2321 Pan
399 2255 514 2340 igitur,
554 2268 592 2325 ut
607 2254 717 2326 adicit,
734 2256 859 2327 Varro,
901 2253 956 2343 qui
987 2250 1120 2321 deorum
1153 2264 1269 2323 aanor

101 2392 105 2403 .
136 2337 311 2427 potestates
337 2351 371 2408 et
399 2350 544 2422 naturas,
568 2340 672 2417 deus,
700 2351 751 2409 est
786 2351 936 2418 naturae,
979 2351 1012 2409 et
1042 2340 1268 2426 interpretatur

95 2439 245 2490 secusne.
287 2425 399 2495 Habet
419 2427 501 2492 enim
524 2444 645 2494 cornua
665 2427 707 2495 ad
738 2426 899 2493 radiorum
922 2423 995 2495 solis
1017 2435 1049 2492 et
1070 2424 1165 2490 lunae
1185 2425 1268 2505 simi-

136 2506 307 2577 litudinem.
363 2512 475 2579 Rubet
506 2511 581 2601 ejus
603 2513 701 2591 socies
732 2511 774 2579 ad
795 2510 933 2580 aetheris
956 2510 1181 2579 imitationem.
1232 2510 1269 2583 ln

135 2605 269 2741 pectore
301 2595 465 2663 nebridem
502 2597 601 2669 habet
629 2599 783 2666 stellatam
813 2596 855 2664 ad
890 2595 1051 2663 stellarum
1087 2596 1269 2685 imaginem.

167 2701 218 2744 ars
241 2681 307 2767 ejus
330 2681 460 2751 interior
480 2680 604 2769 hispida
626 2694 675 2753 est
697 2688 828 2774 propter
842 2682 985 2763 arborea,
1007 2681 1153 2768 virgulta,
1177 2676 1271 2752 le'rae.

102 2802 105 2807 <
138 2762 295 2848 caprinos
318 2768 416 2833 habet
449 2767 549 2854 pedes
571 2780 715 2856 propter·
732 2781 839 2836 terrae
862 2767 1061 2835 soliditatem.
1113 2766 1271 2839 Fistulaut

96 2850 223 2932 aogcrit
244 2851 306 2917 VII
327 2852 520 2919 calamorum
553 2866 684 2941 propter
709 2852 906 2920 harmoniam
928 2853 1024 2932 eaeli;
1057 2847 1272 2939 καλαύροπα,

137 2932 170 3026 id
191 2946 240 3001 eat
259 2936 405 3022 pedum,
440 2948 574 3025 propter
596 2962 730 3020 annum,
766 2939 819 3027 qui
840 2939 872 3003 in
892 2962 929 3007 se
949 2940 1093 3006 recurrit.
1135 2939 1186 3006 Ab
1203 2938 1273 3017 ,boc

39 3034 53 3044 ”
137 3031 262 3087 constat
282 3020 442 3091 diversum
463 3045 536 3093 esse
557 3025 735 3105 Silvanum,
767 3047 863 3111 quem
892 3037 999 3093 tamen
1021 3024 1147 3120 publica
1169 3023 1272 3092 coeri-

136 3106 312 3185 moniarum
347 3108 455 3194 opinio
491 3122 644 3198 pecorum
678 3110 775 3178 habet
810 3120 843 3177 et
870 3132 1023 3198 agrorum
1048 3132 1135 3176 -esse
1165 3106 1272 3179 deum.

137 3189 367 3260 Prudentiores
390 3195 472 3259 enim
495 3216 567 3262 eum
586 3195 696 3263 dicunt
711 3218 782 3261 esse
802 3192 900 3279 ὕλην,
925 3216 1020 3298 quam
1033 3196 1160 3259 siloam
1175 3195 1273 3263 iuter·

94 3292 129 3339 aa
138 3288 297 3359 pretatur,
318 3276 352 3342 id
375 3289 426 3345 est
446 3278 691 3359 elementorum,
715 3291 750 3347 ut
768 3279 833 3345 vult
854 3282 1006 3358 Seruus,
1028 3280 1162 3357 faecem,
1186 3277 1274 3345 unde

135 3375 251 3429 cunata
260 3375 498 3515 lprocreantur,
531 3389 626 3454 quam
655 3364 740 3453 ὕλην
758 3364 864 3438 Latini
898 3364 1062 3437 materiam
1095 3364 1274 3454 appellate«

31 3534 34 3539 Ι
134 3459 217 3515 runt.
295 3449 382 3515 abis
403 3449 567 3522 hactenus.

217 3561 247 3627 3.
292 3562 418 3632 Dicitur
440 3565 551 3655 Apollo
573 3564 702 3645 Delius,
739 3561 772 3627 id
795 3573 844 3628 est
864 3560 1076 3638 declaratio,
1113 3560 1204 3649 quod
1227 3560 1274 3628 sot

102 3666 104 3671 ·
136 3647 241 3710 omnia
273 3647 442 3730 illuminat,
481 3652 547 3719 sire
569 3673 588 3716 a
608 3650 691 3716 Delo
711 3646 831 3725 insula,
866 3646 898 3710 in
920 3666 984 3732 qua
1003 3646 1137 3735 lingitur
1169 3657 1274 3714 natus.

94 3730 188 3794 toDe
210 3731 299 3822 cujus
330 3735 492 3804 nativitate
521 3735 679 3815 tabulam,
714 3735 789 3821 quia
818 3730 906 3818 apud
934 3729 1010 3796 alios
1040 3743 1090 3798 eat
1116 3734 1274 3810 obseura.

134 3818 241 3880 censui
266 3819 505 3904 apponendam,
546 3833 579 3889 et
602 3834 638 3889 ut
657 3828 725 3888 tota
753 3841 804 3883 res
834 3815 1009 3887 euidentior
1041 3818 1116 3893 liat,
1138 3820 1200 3883 *ab
1228 3818 1274 3885 al-

135 3901 204 3965 tiori
225 3903 446 3971 inchoandam.
498 3908 586 3975 Ceus
613 3909 658 3973 ita
682 3928 723 3972 ue
752 3905 857 3988 Gigas
886 3900 965 3966 filias
994 3901 1075 3969 duas
1096 3901 1274 3990 pulcherri-

133 4009 201 4051 mas
238 3988 370 4068 babuit,
415 3993 560 4060 Asterien
601 4004 634 4060 ot
660 3932 839 4062 latonam,
892 3987 973 4052 Post
1015 3988 1155 4054 vitiatam
1195 4000 1274 4055 roro

135 4072 292 4139 lantonem
348 4097 422 4141 uum
456 4075 524 4163 ejus
558 4079 654 4145 etiam
686 4096 829 4144 sororem
861 4073 1007 4139 Asterien
1036 4073 1145 4141 vitiare
1179 4074 1275 4142 vellet

92 4177 125 4225 aa
135 4158 299 4246 luppiter,
321 4099 371 4231 illa
391 4151 510 4253 opta'vit
531 4188 550 4232 a
568 4162 648 4246 diis,
671 4174 706 4233 ut
726 4162 758 4233 in
781 4181 871 4231 avem
893 4169 1144 4242 concederetur,
1164 4182 1274 4233 versa·
