2632 4658
26 257 32 270 ,
132 172 191 253 tr
419 120 681 280 umagen·
718 173 976 255 rar-ase.
1050 181 1052 191 ·
1148 166 1152 171 ·
1293 33 1310 305 i

133 353 415 427 missameremla
457 359 564 434 Quam
585 359 1018 451 quanlpst.·aedifieasssnt·‚
1048 362 1201 433 mentitus
1220 377 1269 433 est

132 466 280 512 munera.⁴
312 443 427 511 .Unde
460 443 645 548 indignatus
673 452 699 515 A
723 447 784 513 ollo
814 449 1023 536 pestilentiam
1054 449 1110 516 eis.
1128 448 1266 530 immisit,

61 600 64 605 ,
132 530 303 618 Neptunus
333 540 439 598 cetum
466 544 645 599 marturum.
716 535 930 622 uper-quibus
951 535 1026 601 dum
1048 534 1267 605 consuleretur

133 616 262 703 Apollo,
293 613 459 704 respondit
477 617 652 698 contraria„
668 692 670 699 ¹
685 618 813 698 dicens4
846 642 961 683 omnes
969 617 1077 705 filiae
1097 620 1176 700 ejus
1196 630 1286 685 ceto*

108 714 206 765 cesse
226 699 461 786 opponendas.
488 702 542 790 qui
566 713 666 770 totam
688 704 844 771 civitatem
867 702 1062 778 devastabat.
1096 704 1195 770 Tunc
1215 726 1267 770 su·

131 788 318 888 perveniens
340 784 515 866 Hercules,
545 787 621 855 dum
643 788 783 857 Colchos
827 798 944 868 eteret,
973 789 1152 857 Hesionam
1173 788 1266 855 filiam

132 872 232 959 ipsius
262 871 352 958 petiit
377 871 410 935 in
439 872 640 961 conjugium,
691 812 838 943 namuh
860 875 889 939 ei
911 875 1071 960 promisit,
1103 875 1135 943 si
1152 898 1174 940 a
1194 887 1265 942 ceto

133 966 243 1045 posset
270 978 341 1024 eam
368 955 513 1026 liberare.
569 898 747 1038 Herodes,
777 960 946 1026 interfecto
974 975 1063 1040 ceto,
1096 958 1267 1049 conjugem

134 1042 193 1108 sibi
213 1042 401 1132 promissam
422 1043 531 1130 petiit3
551 1042 610 1110 sed
629 1042 681 1110 ille
702 1045 849 1123 mentitus
870 1057 928 1111 est.
971 1044 1068 1112 Unde
1082 1043 1266 1131 indignatus

92 1126 295 1193 1⁰Heroules
314 1126 437 1215 Trojae
457 1152 565 1197 muros
589 1127 746 1203 destruxit
773 1142 805 1197 et
833 1129 1010 1198 Hesionam
1032 1127 1165 1198 cuidam,
1180 1131 1268 1196 socio

133 1234 192 1279 suo
214 1212 383 1285 Telamoni
403 1211 511 1298 dedit;
533 1236 576 1281 ex.
594 1236 658 1302 qua
678 1229 771 1283 natus
792 1226 842 1283 est
862 1215 1003 1283 Teucer.
1034 1214 1119 1282 Nam
1139 1213 1270 1304 Ajacem
1307 1218 1310 1287 l

133 1321 174 1365 es
203 1297 264 1365 alia
290 1308 417 1366 constat
442 1323 515 1367 osse
542 1311 661 1369 natum.
709 1302 805 1368 Tunc
837 1300 997 1371 Hercules
1026 1300 1194 1370 Priamum
1219 1322 1269 1369 ro-
1306 1292 1310 1367 l

135 1382 279 1451 demtum
300 1406 320 1451 a
340 1383 436 1455 sociis
457 1386 490 1454 in
511 1398 644 1476 paterno
664 1406 768 1475 regno
788 1385 936 1454 locavit
1096 1448 1120 1468 .,
1171 1434 1174 1441 -
1305 1390 1310 1511 ‘p

360 1535 454 1614 157.
506 1536 679 1616 Αοωη
716 1554 761 1618 et
799 1543 1043 1642 Hippotes.

21 1655 22 1658 ’
91 1669 127 1720 1⁵
219 1654 409 1725 Laomedon
431 1672 639 1751 praenotatus
658 1685 733 1743 rex,
756 1662 924 1730 aedificata
943 1661 1004 1731 sibi
1024 1685 1044 1726 a
1064 1659 1217 1749 Neptuno
1238 1671 1271 1728 et
1306 1684 1310 1695 ·

135 1741 280 1830 Apolline
300 1744 418 1834 Troja‚
441 1745 517 1812 dum
537 1748 697 1849 promissis
719 1752 775 1815 e'os
798 1747 993 1849 fraudasset,
1019 1746 1189 1833 Neptunus
1209 1747 1272 1816 iras
1301 1816 1305 1827 ,

134 1842 187 1896 tus
209 1842 299 1896 cetos
320 1829 461 1917 grandes
481 1833 708 1900 urbrimmisit.
752 1834 819 1900 Pro
840 1836 953 1920 qulbus
977 1833 1139 1899 consultus
1159 1831 1270 1919 Apollo

133 1915 315 2002 respondit:
338 1912 563 1997 Ohjiaiendoa
584 1916 714 1983 nobiles
731 1919 871 2006 puellas
891 1917 1020 1983 beluae.
1053 1915 1150 1992 Quod
1171 1940 1268 2004 quum

134 2002 244 2080 fieret,
275 2000 389 2069 timens
419 2001 578 2090 Hippotes
608 2002 736 2090 quidam
762 2003 873 2069 nobilis
894 2003 977 2071 filiae
996 2004 1131 2069 Acestae
1151 2001 1268 2090 (quum

90 2084 364 2155 2⁰haomedontis
392 2088 481 2173 regis
509 2087 573 2154 filia
587 2087 655 2178 jam
677 2098 781 2167 esset,
809 2100 880 2153 orta
902 2087 1074 2167 seditione,
1102 2087 1268 2175 religata),

133 2171 498 2324 illudibhditffldbeiludidisvd
519 2173 618 2325 illlhsviitb
634 2170 1270 2326 qudonstdbhsiiliihseohnabluimvoelaibstiriishharldl

134 2307 335 2431 compsisse,
362 2344 498 2408 Acesten
526 2308 640 2411 edidit':
677 2344 731 2432 qui
759 2364 798 2409 en
827 2344 937 2410 matris
962 2344 1090 2408 nomine
1106 2309 1268 2436 'Trojauid

134 2429 290 2498 ciuitatem
313 2425 475 2525 condidit!
504 2451 588 2518 quae
608 2428 705 2496 hodie
725 2432 841 2496 Acesta
863 2429 1051 2496 nominatur.

88 2582 141 2637 aa⁴
370 2630 373 2635 .
530 2564 624 2641 158.
670 2569 869 2651 Teucer.

219 2685 350 2751 Teucer
372 2705 487 2773 quum,
508 2685 609 2775 Troja
630 2687 772 2774 spoliata,
798 2687 867 2753 sine
887 2686 987 2754 fratre
1006 2696 1091 2754 esset
1111 2707 1268 2765 reversus,

54 2838 57 2847 Ι
132 2771 187 2858 qui
215 2793 252 2836 se
272 2771 382 2836 furore
406 2781 540 2858 propter
559 2794 648 2838 arma
668 2771 792 2858 perdita
813 2772 939 2838 Achillis
960 2773 1181 2850 interemerat,
1208 2771 1268 2836 Sa·

129 2856 247 2923 ¹lamine
267 2855 392 2944 pulsus,
416 2856 568 2922 Sidonem
589 2857 691 2938 reuit3
718 2881 756 2923 ex
778 2880 842 2945 quo
856 2856 948 2923 Dido
970 2869 1087 2925 cuncta
1108 2857 1268 2942 cognovit

112 2941 166 3017 ¹Is
194 2942 342 3024 Teucer,
374 2940 461 3030 quod
489 2941 635 3008 auxilium
663 2964 726 3008 non
756 2941 882 3010 dederit
900 2942 991 3009 fratri
1008 2960 1067 3009 'suo
1089 2941 1268 3021 interfecto,

91 3039 171 3100 aaut
197 3026 326 3113 quidam
351 3027 476 3106 volunt,
506 3026 593 3117 apud
613 3028 763 3116 Trojam;
791 3040 838 3108 et,
865 3027 952 3115 quod
974 3053 1047 3094 ossa
1069 3027 1136 3116 ejus
1160 3027 1267 3114 inpa-

133 3114 224 3179 triam
248 3135 311 3178 non
334 3111 497 3191 detulerit,
529 3125 562 3180 et
590 3113 686 3179 lilium
716 3115 786 3201 ejus
811 3114 972 3203 parvulum
994 3136 1103 3178 secum
1128 3134 1191 3176 non
1213 3111 1268 3177 ad-

132 3198 276 3280 duxerit,
308 3198 502 3264 credebatur
530 3221 603 3263 euru
633 3199 804 3280 occidisse,
837 3222 878 3263 ne
910 3199 1044 3266 ooheres
1073 3196 1141 3287 ejus
1169 3210 1268 3277 esset3

135 3296 225 3351 actus
249 3307 268 3350 a
290 3294 382 3373 patre
406 3285 439 3349 in
467 3283 608 3361 exilium,
641 3285 773 3361 Belum,
807 3284 1015 3350 Phoenicium
1042 3305 1153 3369 regem
1182 3280 1268 3360 adiit,

134 3370 188 3459 qui
217 3371 360 3461 Cyprum
387 3368 519 3436 insulam
550 3369 644 3436 armis
677 3371 861 3454 subegerat
917 3370 966 3435 lbi
1002 3369 1133 3435 Teucer
1166 3368 1265 3455 longo

90 3455 215 3528 esnello
237 3459 349 3522 urbem
371 3453 533 3537 condidit,
559 3477 652 3545 quam
677 3455 867 3521 Salaminam
888 3456 1014 3522 nomine
1033 3455 1156 3541 patriae
1176 3475 1270 3518 voca-

53 3575 60 3583 .
133 3544 185 3610 vit
227 3543 294 3608 Hic
313 3542 444 3608 Teucer
465 3564 536 3608 cum
558 3541 701 3609 hostibus
721 3541 843 3607 Danais
861 3541 942 3607 luit'
959 3539 1045 3606 Alius
1062 3549 1110 3606 est
1126 3537 1268 3617 Teucer,r

57 3690 59 3705 ,
134 3650 155 3693 a
184 3649 248 3714 quo
276 3627 409 3718 Trojani
437 3626 559 3696 Teucri
591 3626 758 3707 dicuntur,
791 3626 844 3714 qui
874 3637 948 3715 post
976 3623 1119 3693 Dardani
1146 3625 1268 3691 obitum

132 3711 256 3798 Trojae
282 3735 390 3780 muros
419 3714 573 3789 exstruxit
597 3724 633 3779 et.
651 3711 816 3799 ampliavit.
859 3711 936 3864 Αέωι
957 3723 1063 3777 autom
1085 3721 1119 3776 et
1133 3708 1268 3776 Achilles

133 3797 293 3949 patruelpp
315 3799 458 3882 suerunt,
480 3799 628 3889 quoniam
644 3799 800 3865 Telamon
823 3808 856 3866 et
900 3796 986 3864 eleas
1003 3795 1131 3863 fuerunt
1145 3795 1268 3875 fratres,

91 3884 232 3955 senesci
285 3883 314 3949 ii.

361 4001 453 4078 159.
508 4003 738 4079 Tithonus
774 4019 819 4081 et·
844 4004 1064 4088 Aurora„

131 4157 156 4191 ·2-:
221 4124 380 4193 Tithonus
416 4123 488 4189 tuit,
507 4123 606 4190 frater
641 4123 887 4204 Laomedontis,
925 4125 1013 4210 regis
1045 4121 1269 4213 Trojanorum.

141 4212 205 4288 Qui
227 4233 325 4300 quum
345 4209 511 4279 adamatus
533 4210 646 4293 fuisset¹
667 4211 707 4276 ab
727 4214 868 4292 Aurora,
897 4211 987 4298 petiit
1007 4211 1048 4288 ab
1072 4232 1110 4276 ea
1131 4209 1270 4294 longitu-
