2632 4658
137 140 230 247 aaa
417 152 632 256 ,ιιιιιιμ
669 154 741 228 ιιι.
795 152 835 227 o.
889 151 955 253 aa.
1027 132 1052 255 J

115 326 222 427 'quae
249 336 457 405 moralitatem
476 328 607 427 piatam
631 334 816 427 nonnilieut,
838 333 987 425 physicas
1009 357 1085 411 veto
1105 334 1269 427 opiniones

137 424 427 511 minimetsapiant
487 421 585 497 Quod
623 443 698 488 vero
734 419 895 487 introitum
932 422 1108 489 interorum
1143 422 1269 490 cuilibet
1308 494 1310 505 ,

137 521 250 576 nostes
270 508 372 594 'atque
393 507 466 594 dies
483 520 610 597 patere,
635 507 752 574 exitum
774 528 848 571 vero
867 505 1028 573 difficilem
1042 506 1269 595 esseleginns,
1308 516 1310 569 ἔ

137 605 193 660 ant
215 595 342 683 potitiae
361 591 480 661 dietum
509 605 575 671 est,
610 605 666 661 aut
696 593 737 657 ab
767 590 889 658 illorum
919 593 1066 694 opinione
1093 592 1270 673 deseendit,
1308 594 1310 599 ’

112 680 191 768 aqui
221 702 331 746 omnes
361 678 480 745 animas
508 677 706 744 descendere
733 676 861 764 quidem
887 688 920 743 et
948 679 1143 767 maorporari
1162 701 1267 766 posse,

137 766 220 829 bene
246 764 413 833 virentium
443 784 518 830 vero
547 764 666 830 animas
694 761 873 849 superiores
897 762 1052 845 eironlos,
1084 763 1119 830 id
1147 776 1198 831 est
1226 764 1267 831 ad

22 908 25 913 ,
136 849 183 914 ori
209 849 292 915 ‘nem
313 872 402 915 sunm
426 848 518 915 laoile
538 847 660 927 redire3
683 845 769 935 quod
781 846 935 936 Pompejo
950 850 1092 917 attribuit
1103 848 1266 931 Lucanus.
1306 844 1310 889 t

135 934 221 999 Mae
250 935 414 1002 viventium
445 945 551 1000 autem
579 934 696 1001 diutius
723 933 756 998 in
781 932 830 998 bis
859 954 919 1020 pro
947 935 1123 1001 mutatione
1143 933 1267 1001 diversa

137 1020 324 1086 commorari
345 1021 552 1111 corporibus,
581 1031 614 1088 et
637 1019 683 1086 sio
700 1015 791 1105 apud
812 1018 934 1083 inlesos
954 1042 1022 1085 sem
1045 1041 1082 1085 er
1102 1042 1175 1086 esse
1194 1040 1267 1085 oon-

96 1103 277 1173 lttteudnnt
310 1104 405 1171 Solos
427 1107 510 1172 enim
532 1127 631 1194 saepe
648 1101 754 1170 redire
771 1125 868 1205 posse
888 1103 989 1171 innuit
1032 1104 1167 1191 irgilius,
1187 1127 1264 1192 quos
1307 1112 1310 1157 ἑ

136 1186 237 1276 diligit
266 1192 431 1279 Juppiter,
465 1192 528 1258 boe
557 1204 624 1270 est,
658 1212 739 1277 quos
770 1210 802 1253 ιιι
834 1199 907 1254 ortu
939 1188 1096 1278 benignus
1127 1188 1266 1259 siderum
1308 1196 1310 1275 j

135 1287 283 1363 aspectus
302 1276 442 1342 irradiat.
485 1275 578 1345 Unde
598 1273 776 1343 luvenalis:
1187 1304 1190 1311 ·
1308 1278 1310 1355 l

146 1384 150 1391 ·
688 1360 801 1423 distat
829 1358 922 1424 enim
941 1381 1030 1445 quae
1307 1366 1310 1427 ἱ

101 1524 103 1529 Α
220 1443 346 1509 Sidera
370 1453 403 1506 te
422 1443 601 1530 excipiant
621 1444 720 1508 modo
735 1442 870 1529 primos
888 1443 1077 1530 incipiente
1307 1452 1310 1513 l

94 1543 130 1593 la
218 1529 332 1593 Edere
357 1526 503 1613 vagitas
1108 1590 1111 1595 ,
1308 1526 1310 1609 l

156 1633 216 1679 uos
237 1612 405 1699 prudentia
426 1611 586 1688 sublevat,
613 1608 733 1689 idest,
760 1633 844 1698 qnos
863 1610 992 1679 ardens
1010 1609 1126 1677 evexit
1143 1610 1198 1675 'ad
1216 1610 1264 1675 si-

134 1635 220 1761 dera
239 1696 375 1774 virtns3
405 1708 438 1763 et
465 1696 648 1783 religiosos,
675 1714 756 1782 quos
783 1718 804 1761 a
824 1694 883 1762 diis
905 1695 1032 1782 genitos
1050 1694 1137 1781 dicit.
1179 1696 1263 1762 Goa-
1307 1696 1310 1723 ¹

127 1780 272 1870 'sequens
293 1781 375 1847 enim
397 1791 463 1859 est,
494 1794 530 1849 ut
558 1779 691 1847 deorum
711 1780 836 1848 soboles
856 1781 1061 1868 religionibus
1083 1790 1185 1857 vacet.
1244 1804 1248 1811 ·

218 1869 271 1932 21.
312 1866 365 1931 De
386 1866 532 1946 Tantalo,
554 1867 607 1954 qui
626 1865 712 1955 apud
731 1867 850 1934 inferos
871 1867 1008 1955 punitur,
1035 1865 1135 1934 babet
1148 1860 1263 1943 fabula,

93 1951 223 2039 noqnod
257 1951 496 2019 Corinthiorum
530 1975 586 2017 rex
617 1952 728 2031 luerit,
768 1955 888 2020 amicus
918 1951 1116 2021 numinibus..
1172 1950 1265 2025 Quae

64 2060 68 2067 ¹
135 2061 233 2124 quum
253 2038 284 2101 fr
326 2049 436 2103 uenter
462 2039 544 2105 susci
569 2051 656 2116 eret,
690 2049 722 2104 et
753 2038 892 2124 quodam
920 2051 1064 2126 ternpore
1086 2034 1266 2103 defuissent

136 2123 265 2210 epulae,
293 2122 389 2187 fi'urn
419 2145 510 2188 snum
566 2124 690 2210 elopem
712 2125 853 2188 occisum
875 2122 933 2188 diis
953 2119 1146 2211 epulandum
1166 2142 1265 2208 appo-

135 2209 208 2275 suit.
248 2209 348 2274 'l'nne
372 2208 599 2275 abstinentibus
630 2209 752 2273 eunctis
781 2209 883 2275 Ceres
911 2208 1075 2295 humerum
1104 2206 1174 2295 ejus
1193 2206 1264 2292 glu-

134 2294 210 2360 tivit.
252 2300 293 2373 At
321 2314 417 2380 quum
443 2316 518 2360 eum
540 2292 583 2360 ad
603 2315 737 2381 superos
757 2291 802 2359 dii
820 2316 880 2381 per
898 2293 1091 2361 Mercurium
1112 2313 1265 2363 revocare

93 2378 265 2461 tavellent,
301 2380 459 2446 eburneus
491 2380 536 2446 ei'
553 2380 700 2446 humerus
734 2394 783 2447 est
817 2378 988 2447 restitutus.
1042 2377 1123 2444 Ideo
1159 2389 1264 2444 antem
1308 2384 1310 2467 l

136 2464 238 2531 Ceres
267 2464 382 2531 dicitnr
408 2463 601 2545 comedisse,
630 2464 703 2552 quia
732 2464 742 2528 i
766 2486 802 2531 sa
821 2478 872 2531 est
890 2476 993 2543 terra,
1020 2485 1105 2552 quae
1127 2484 1265 2551 corporo
1308 2474 1310 2489 '

48 2591 53 2600 ,
134 2549 270 2616 resolvit.
310 2549 377 2616 Per
405 2550 599 2617 Mercurium
627 2572 702 2615 vero
729 2488 803 2614 ideo
824 2550 957 2637 fingitur.
977 2559 1164 2630 revocatus,
1191 2548 1266 2637 quia¹

34 2650 41 2663 ⁸
136 2647 170 2701 et
187 2637 258 2722 ipse
279 2649 328 2702 est
348 2634 525 2702 seeundum
552 2632 707 2722 quosdam
735 2632 818 2700 deus'
842 2635 1045 2723 prudentiae,
1079 2655 1139 2721 per
1169 2656 1266 2721 quatu

78 2770 84 2784 ,
135 2719 312 2807 philosophi
339 2719 601 2806 palingenesiam,
635 2719 669 2784 id
703 2731 753 2786 est
785 2719 954 2785 iteratam
988 2717 1266 2808 generationem,

93 2803 183 2871 novel
204 2799 479 2894 μετεμψύχωσιν,
508 2805 540 2870 id
572 2815 621 2872 est
650 2802 893 2869 transitionem
919 2805 1058 2869 animae
1088 2800 1266 2893 depreben-

135 2889 258 2956 derunt.
299 2883 414 2958 Πάλιν
445 2912 582 2978 namque
613 2890 757 2968 iterem,
801 2891 929 2977 pinsere
955 2888 1157 2975 generatim
1188 2889 1265 2959 item

148 2969 221 3042 istd
244 2984 355 3049 trans,
374 2971 466 3065 ψυχὴ
484 2977 606 3041 anima
625 2975 861 3062 iuterpretatur.
902 2972 1056 3042 Tantalus
1077 2985 1184 3041 autem
1205 2974 1266 3043 bae

145 3083 209 3144 ege
228 3057 315 3146 apud
335 3059 454 3127 inferos
476 3061 641 3133 damnatus
670 3059 803 3140 dieitur,
833 3070 870 3127 ut
897 3060 930 3126 in
955 3057 1117 3139 Eridano,
1145 3060 1263 3145 infero

29 3214 33 3223 ,
133 3168 204 3212 nrm
225 3145 337 3219 fluvio,
367 3157 472 3228 stans,
498 3170 603 3235 neque
623 3144 718 3211 undis
741 3146 1058 3234 praesentibus,·neo
1079 3144 1187 3213 vicinis
1207 3169 1264 3236 po·

91 3232 240 3298 namariis
261 3230 453 3318 perfruatur.
480 3232 546 3298 Per
565 3232 651 3303 buno
672 3232 770 3316 igitur
789 3231 920 3299 avaritia
941 3231 1136 3323 designatur.
1168 3232 1265 3301 Unde

133 3328 167 3385 et
206 3314 361 3383 Tantalus
390 3315 524 3398 dieitur,
566 3316 653 3405 qnod
679 3316 906 3403 interpretatur
939 3317 1106 3383 visionem
1138 3317 1265 3385 volens.

132 3406 258 3469 Avarus'
273 3404 398 3487 itaque,
420 3401 544 3468 fruendi
563 3424 623 3471 usu
646 3399 825 3483 destitutus,
845 3423 952 3471 rernm
975 3422 1103 3472 suarum
1123 3402 1264 3489 pasoitur

119 3489 263 3571 ‚visione
320 3488 407 3554 Sane
436 3489 628 3568 Eridanum,
654 3488 687 3552 in
715 3511 780 3575 quo
811 3488 948 3557 stareli
994 3487 1074 3565 itur,
1111 3484 1145 3555 iu
1175 3487 1264 3559 asoto

135 3576 249 3645 Aratus
270 3595 343 3638 esse
364 3570 458 3656 dicit,
489 3574 576 3641 baud
597 3575 693 3661 longe
716 3574 866 3660 asigno,
893 3597 956 3661 quo
1002 3570 1264 3647 contradicitur.

92 3659 204 3727 aneu
232 3670 264 3725 et
292 3658 324 3723 in
353 3662 445 3727 terris
475 3672 543 3741 est,
570 3661 603 3734 in
623 3659 758 3731 Venetia
778 3660 918 3737 scilieet,
937 3680 1029 3746 quae
1052 3656 1163 3728 ltaliae
1190 3682 1265 3751 pars

131 3755 200 3827 est,
228 3741 401 3831 Padusque
430 3760 571 3815 vocatur.
618 3747 718 3811 Hunc
745 3744 795 3817 alii
822 3745 865 3815 ad
888 3744 1007 3813 inseras
1035 3742 1184 3824 tendere,
1216 3745 1266 3813 alii

134 3826 219 3919 apud
233 3840 237 3849 “
249 3830 366 3896 inferos
395 3834 497 3904 nasei·
513 3842 547 3898 et
576 3852 596 3895 e
621 3831 714 3905 terris
736 3832 822 3903 exire
841 3829 968 3896 volunta
998 3828 1091 3902 Quae
1110 3827 1186 3897 ideo
1206 3833 1264 3903 tin·

134 3926 272 4002 guntur,
293 3916 367 4002 quia
387 3915 430 3985 da
447 3916 599 4009 Apennini
620 3929 712 4013 parte
732 3917 849 3996 oritur,
878 3931 961 4003 quae
985 3924 1109 4003 spectat
1128 3915 1265 3987 inferum

134 4023 224 4068 mare
243 4001 448 4088 Tyrrhenum
467 4004 605 4081 scilieet,
634 4001 720 4091 quod
752 4004 792 4068 ab
818 4000 987 4072 occidente
1011 3999 1111 4085 cingit
1132 4001 1266 4080 Italiam,

92 4098 176 4241 4ιεὶ
188 4085 326 4188 tenditur
347 4090 448 4177 nsque
468 4088 512 4162 ad
535 4109 703 4177 superum,
731 4086 925 4158 Adriaticum
947 4085 1085 4181 seilicet,
1106 4086 1196 4173 quod
1218 4102 1267 4158 est

133 4197 153 4241 a
183 4183 334 4239 monens
