2632 4658
226 220 244 261 a
303 221 306 232 ·
420 141 610 243 linha...
632 144 666 223 1.
721 141 894 233 ὅπα
997 213 1028 251 Ι,
1096 167 1099 188 .

502 321 543 395 5·
599 322 779 433 Scylla.

158 467 287 558 Scyllae
316 466 400 534 duae
430 467 578 546 fuerunt3
610 487 672 544 una
698 465 819 532 Phorci
856 478 889 534 et
925 465 1107 533 Crataeidis
1146 465 1219 534 filia.

47 587 50 592 ·
74 553 179 626 Quam
202 575 300 642 quum
323 563 447 620 amaret
469 550 634 639 Glaucus,
660 549 740 618 deus
761 551 917 630 marinus,
940 549 1016 618 dum
1037 554 1107 640 ipse
1129 575 1218 621 ama·
1249 628 1250 635 ἵ

72 651 161 704 retur
190 663 210 704 a
239 639 354 719 Circe,
387 650 420 705 et
448 660 520 704 eam
544 647 779 716 contemneret,
811 636 862 702 illa
889 649 984 704 nacta
1013 638 1152 718 fontem,
1184 639 1217 704 in

48 744 136 811 aquo
165 748 200 789 se
229 722 337 812 Scylla
366 722 491 805 solebat
521 721 667 802 abluere,
705 722 815 789 infecit
850 723 984 789 venenis.
1046 723 1083 789 In
1119 732 1225 811 querit*

72 831 170 895 quum
200 807 423 875 descendisset
446 807 568 897 puella,
602 807 710 873 media·
733 821 827 895 parte
854 807 886 872 in
913 807 998 875 feras
1018 821 1215 876 commutata

72 906 135 959 est.
184 893 292 959 Altera
320 886 396 960 verb
419 890 526 984 Scylla
558 891 617 960 fuit
638 890 727 972 Nisi,
746 890 984 979 Megarensium
1005 895 1113 983 regis,
1141 893 1214 962 filia.

72 980 195 1045 Contra
212 1002 292 1067 quos
309 977 395 1058 dum,
415 978 548 1046 devictis
565 976 632 1081 jam
654 977 906 1057 Atheniensibus,
928 992 1089 1067 pugnaret
1106 978 1212 1047 Minos

71 1075 203 1150 propter
225 1064 277 1129 filii
297 1063 462 1151 Androgei
482 1063 662 1137 intentum,
691 1084 788 1150 quem
811 1063 1018 1132 Athenienses
1039 1075 1073 1132 et
1096 1064 1153 1129 Me
1179 1088 1212 1133 a·

29 1170 182 1220 loronses
221 1147 296 1215 dolo
332 1160 548 1228 necaverant,
587 1159 711 1219 matus
746 1158 796 1215 est
831 1170 850 1213 a
881 1148 1004 1238 Scylla,
1038 1149 1109 1216 Nisi
1140 1086 1212 1217 aba.

70 1236 164 1309 Quare
193 1247 228 1301 ut
256 1235 339 1303 hosti
384 1247 471 1307 osset
499 1232 643 1323 placere,
667 1240 807 1299 ‘comam
842 1255 1055 1323 pnrpuream,
1086 1236 1211 1324 parenti

70 1321 265 1402 abscissam,
284 1319 313 1386 ei
336 1259 465 1400 ahialim
499 1341 596 1408 quam
619 1319 717 1384 Nisus
741 1318 785 1386 ita
805 1319 961 1387 habuerat
981 1331 1211 1404 consecratam,

70 1417 104 1472 ot
127 1405 248 1471 tamdiu
269 1427 372 1492 regno
392 1406 565 1494 potiretur,
579 1402 746 1493 ,quamdin
764 1404 848 1472 illam
868 1404 1031 1474 habuisset
1047 1408 1209 1475 intactam.

69 1492 190 1557 Postea
218 1503 251 1558 et
278 1491 323 1556 Sc
345 1492 401 1571 lla,
433 1491 580 1571 aMinob
602 1501 782 1570 contemta,
814 1488 927 1556 dolore
952 1491 984 1557 in
1012 1515 1104 1560 arem
1134 1515 1210 1559 oon-

29 1594 164 1642 tsversa
185 1586 251 1659 est3
273 1586 316 1644 et.
337 1574 339 1578 ’
357 1577 422 1644 isus
445 1576 601 1645 extinctus
623 1575 758 1655 deornm
781 1575 983 1644 miseratione
1001 1577 1033 1645 in
1056 1578 1122 1645 avis
1140 1601 1208 1646 rnu-

69 1666 158 1812 pla'tos
179 1673 229 1812 pst
256 1661 400 1732 sormam.
438 1658 532 1741 Qiia'o
557 1682 631 1731 aves
654 1658 750 1729 hodie
770 1662 912 1751 flagrant
930 1662 1012 1749 inter
1032 1686 1068 1733 se
1090 1686 1209 1754 magna

92 1769 177 1814 iscor
202 1770 241 1814 ra.
273 1765 278 1773 '
337 1762 339 1769 ’
1127 1758 1130 1764 ’
1191 1771 1194 1776 ·

344 1963 385 2038 A.
441 1969 623 2042 Tereus
655 1920 696 2043 ei
725 1971 917 2044 Procne.

155 2094 282 2159 'Porcus
304 2114 360 2159 rex
383 2082 550 2162 Thracum
572 2095 639 2162 fuit.
683 2097 746 2173 Qui
769 2118 866 2185 quum
887 2090 1079 2173 Pandionis,
1112 2093 1207 2163 Athe·

26 2199 62 2245 ao
72 2198 182 2244 narum
212 2179 317 2267 regis,
347 2179 461 2259 libam,
491 2182 640 2246 Procnen
664 2183 807 2260 nomine,
834 2178 976 2247 duxisset
995 2201 1146 2260 uxorem,
1176 2190 1208 2247 et

67 2286 123 2353 per
152 2264 345 2353 aliquantum
375 2276 501 2355 tempus
537 2268 578 2333 ab
594 2274 599 2283 '
613 2290 652 2333 ea
688 2289 724 2332 ro
752 2272 876 2344 aretur,
910 2265 969 2331 sibi
998 2264 1209 2333 Philomelam

66 2370 211 2415 sororem
242 2347 410 2415 videndam
438 2362 636 2430 accerseret,
664 2289 831 2443 prohetas
857 2350 1030 2431 Athenas,
1048 2348 1126 2418 dum
1151 2351 1208 2423 ad-

66 2434 156 2500 duxit
174 2434 343 2524 puellam,
378 2458 449 2501 eam
479 2436 596 2504 vitiavit
630 2438 824 2519 in'itinere,
862 2447 895 2504 et
923 2438 952 2502 ei
972 2436 1133 2523 linguam,
1165 2460 1207 2503 ne

69 2521 191 2587 lacinus
209 2519 375 2598 indicaret,
393 2522 537 2603 abscidit.
571 2520 627 2597 Illa
646 2535 752 2591 tamen
774 2520 953 2612 querelam,
982 2523 1013 2587 in
1036 2535 1123 2590 reste
1147 2547 1205 2604 suo

29 2628 192 2678 ascrnore
214 2606 424 2693 descriptam,
454 2606 540 2675 misit
561 2610 672 2673 sorori.
714 2610 788 2685 Qua
810 2607 958 2695 cognita,
985 2609 1115 2674 Procne
1135 2608 1207 2700 Ityn

67 2693 163 2758 filium
181 2692 340 2759 interemit
353 2702 385 2759 et
400 2693 483 2780 patri
497 2691 689 2783 epulandum
707 2695 863 2783 apposnit.
907 2693 1028 2762 Postea
1048 2695 1158 2760 omnes
1175 2696 1214 2775 in¹

67 2800 142 2843 aves
173 2777 283 2844 mutati
321 2789 411 2857 sunt3
448 2775 577 2844 'Pere'us
611 2779 643 2842 in
677 2801 835 2869 upupam,
864 2778 932 2867 Itys
950 2781 984 2845 in
1008 2779 1212 2869 phasianum,

67 2865 196 2930 Procne
218 2863 250 2928 in
271 2861 489 2945 hirundinem,
521 2854 697 2945 Philomela
715 2867 747 2932 in
769 2865 942 2937 lusciniam.

371 3090 411 3164 5.
467 3046 668 3190 Cyclops
702 3103 743 3165 et
774 3089 902 3164 Acis.

26 3247 62 3293 oo
156 3218 297 3310 Cyclops
319 3217 436 3286 dicitur
457 3217 627 3309 nympham
650 3241 775 3285 amasse
795 3217 973 3284 Galateam.
1004 3218 1098 3294 Quae
1110 3240 1208 3305 quum

69 3307 148 3373 Acin
176 3305 336 3396 quendam
364 3318 524 3394 pastorem
554 3315 677 3370 amaret
704 3316 736 3370 et
765 3303 998 3453 Polyphemum
1029 3315 1216 3390 sperneret,¹

67 3392 118 3456 ille
147 3392 246 3460 iratus
277 3392 356 3459 Acin
387 3390 527 3466 necavit,
563 3389 617 3477 qui
641 3401 755 3476 postea
776 3391 826 3454 Ga
840 3402 932 3470 ateae
953 3389 1155 3454 miseratione
1175 3389 1208 3455 in

71 3477 190 3547 sontem
203 3490 350 3575 =mutatas
372 3482 440 3558 est,
469 3475 524 3564 qui
543 3473 706 3571 hodieque
727 3475 768 3541 ab
789 3473 889 3547 Acide
907 3475 1002 3571 Acis
1021 3472 1146 3543 dicitur.

279 3703 320 3779 6.
375 3680 593 3777 Silvanus
622 3714 665 3776 et
697 3701 991 3801 Cyparissus.
1013 3671 1039 3754 ,¹

33 3859 70 3909 aa
155 3832 300 3901 Silvanus
330 3829 411 3898 deus
442 3845 490 3900 est
518 3810 674 3898 silvarum.
717 3831 784 3897 Hic
805 3829 921 3897 amavit
948 3848 1101 3915 puerum,
1141 3826 1208 3915 cy-

69 3918 227 4010 parissum
272 3919 416 3992 nomine,
461 3917 515 4005 qui
555 3918 696 3983 habebat
743 3913 1025 3982 mansuetissimam
1047 3932 1240 4002 sorariam.¹

71 4009 168 4073 Hane
194 4025 291 4094 quum
316 4003 461 4070 Silvanus
487 4003 614 4075 nescius
633 4000 823 4080 occidisset,
857 4022 938 4090 puer
969 3999 1127 4065 extinctus
1158 4010 1225 4069 est,

68 4091 198 4173 dolore;
228 4112 323 4178 qoem
351 4093 475 4156 amator
503 4086 582 4153 deus
608 4088 639 4151 in
663 4108 867 4179 cypressum,
901 4086 1050 4152 arborem
1072 4081 1208 4150 nominis

68 4181 154 4268 ejus,
181 4175 354 4256 convertit,
377 4196 472 4263 quam
496 4195 553 4261 pro
573 4172 684 4241 solatio
705 4175 836 4260 portare
857 4171 981 4239 dicitur.
