2632 4658
338 88 523 253 ψει.
552 148 586 224 1.
640 145 720 261 ror
736 188 787 217 ..-
803 142 905 255 tta.
1136 146 1195 271 ,⁴2

20 330 26 341 ⁴
52 339 205 440 Agenor,
237 332 394 424 Meleagri
432 333 596 417 aruneuli,
627 333 784 437 indignati
810 343 900 414 sunt,
928 333 987 402 sibi
1017 336 1195 425 praelatam

53 422 154 490 luisse
176 421 351 508 virginem,
372 430 406 488 et
426 443 497 487 eam
522 420 607 515 donp
629 412 854 509 'spoliaverunt
895 420 969 495 Qua
991 425 1195 493 contentione

53 509 121 575 fata
150 508 212 612 sibi
240 518 488 575 maturaverunt.
536 505 664 608 Etenim
691 505 875 592 indignatus
903 506 1084 609 Meleager,
1117 530 1196 612 eop-

55 591 831 767 :llilliffnfflittrttitel?..lilii
845 590 1219 766 iltllltttlli.

55 788 126 831 rum
155 764 275 831 ultione
304 763 422 829 saeviit
464 761 548 829 Num
578 762 719 829 titionem
752 762 867 848 (quern
890 763 1048 831 oecultum
1070 765 1194 847 habuit,

54 851 148 938 quia,
174 870 271 939 quum
293 860 479 915 nasceretur
499 847 681 934 Meleager,
701 847 733 912 in
757 848 847 933 regia
867 848 971 916 subito
993 849 1083 917 lortis
1106 861 1139 917 et
1159 861 1196 918 ut

52 935 179 1026 juvenis
197 943 399 1023 apparuerat,
413 944 448 1000 et
468 932 667 1000 vaticinatam
687 945 766 1010 erat,
790 930 875 1019 quod
898 933 1036 998 tamdiu
1052 935 1196 1016 viveret,

53 1020 281 1109 quoadusque
307 1015 471 1083 servatus·
495 1019 603 1104 esset)
632 1028 733 1097 muter·
753 1019 882 1105 ignibus
896 1017 1027 1100 mersit,
1058 1041 1195 1108 eumque

54 1128 132 1173 eum
154 1104 209 1169 lilii
231 1125 316 1170 ueoe
339 1102 415 1169 satis
434 1102 574 1169 extinxit.
616 1103 709 1176 Quae
729 1117 900 1193 postquam
920 1103 1093 1173 admissum
1115 1105 1192 1173 faoi·
1200 1120 1237 1172 1⁰
1308 1102 1311 1115 ’

54 1212 118 1259 nus
135 1189 288 1281 agnovit,
311 1187 425 1277 laqueo
448 1187 544 1256 ntum
563 1186 670 1255 finivit

30 1320 170 1489 ”1ΜΙ
203 1326 561 1481 (liptemnestra
590 1389 639 1491 et
662 1374 884 1474 orestes,
911 1376 1049 1455 tilius
1079 1337 1198 1483 ejus.

57 1584 60 1591 Ι
94 1577 98 1584 ,
144 1502 382 1596 clytemnestra
403 1506 463 1573 luit
481 1527 565 1578 uxor
580 1506 842 1594 Agamemnonis.
883 1506 947 1582 Qui
970 1530 1068 1595 quum
1089 1530 1197 1575 rerer·
1231 1520 1238 1530 ’

56 1614 113 1660 sus
143 1603 232 1681 esset
259 1588 302 1656 de
330 1591 410 1658 bello
440 1592 602 1681 Trojano,
631 1593 820 1660 interfectus
842 1596 897 1659 'est
924 1613 982 1680 per
1002 1593 1197 1680 Aegisthum

58 1675 249 1745 adulterum.
292 1675 377 1743 Nam
405 1699 501 1765 quum
527 1679 693 1765 ingressus
716 1679 827 1745 fuisset
847 1676 977 1744 domum
999 1702 1106 1760 snam,
1137 1682 1241 1752 oleru

57 1762 130 1830 tulit
150 1763 181 1827 ei
203 1762 436 1852 clytemnestra
457 1773 577 1829 restem
599 1763 668 1830 sine
690 1763 821 1851 espicio.
866 1763 969 1837 Quam
1011 1787 1087 1830 uum
1108 1766 1201 1834 vellet
1303 1773 1308 1778 ’

58 1847 195 1915 induere
212 1858 249 1914 et
270 1847 588 1936 espioiom·inreuire
607 1872 671 1914 non
686 1861 813 1937 posset,
832 1850 873 1914 ab
886 1846 998 1935 Aegist
1051 1849 1200 1918 adultero

59 1935 189 2000 oeeisus
209 1943 275 2015 est;
296 1955 391 2021 quem
410 1944 523 2023 postea
543 1934 635 2000 simul
655 1957 730 2000 eum
751 1945 853 2000 matre
869 1934 1004 2000 Orestes
1024 1935 1200 2020 interfecit3

59 2017 148 2086 nude
171 2019 207 2084 in
235 2018 402 2093 amentiam
431 2040 540 2084 versus
569 2030 626 2085 est.
669 2019 735 2085 Hie
763 2040 901 2106 numque
928 2019 1081 2101 Orestes,
1112 2024 1138 2087 A
1165 2043 1201 2086 a·
1237 2046 1240 2051 ·

10 2138 12 2151 =
60 2104 237 2173 memnonis
270 2115 306 2170 et
337 2103 591 2194 clytemnestras
619 2103 717 2184 lilius,
752 2104 827 2191 quia
856 2104 993 2192 optimus
1021 2043 1246 2193 tragoeiusao

10 2236 14 2245 ·
62 2190 137 2269 fair,
165 2190 203 2256 iu
226 2189 331 2256 saeuis
353 2191 551 2270 celebratos,
582 2211 678 2278 quum
696 2203 833 2258 matrem
850 2202 888 2256 et
906 2191 1095 2277 Aegisthum
1114 2193 1202 2259 neei-

62 2275 181 2356 disset,
209 2273 362 2342 insanivit.
405 2276 469 2349 Qui
499 2274 577 2341 socii
605 2274 735 2364 Pyladis
761 2274 1017 2354 admonitu,·‚a‹l
1037 2277 1202 2346 evitandus

61 2361 191 2428 Furias
209 2359 359 2447 templum
387 2360 535 2448 Apollinis
565 2360 745 2448 ingressus.
776 2384 874 2449 quum
904 2359 997 2428 vellet
1021 2363 1125 2445 exire,
1154 2365 1203 2429 in·

10 2474 15 2515 r
63 2457 215 2514 raserunt
240 2468 313 2512 enm
329 2446 463 2514 Furiae.
504 2444 592 2513 Hine
616 2457 681 2514 est:
716 2444 935 2535 Uitrieespue
955 2445 1133 2515 sedentia
1154 2447 1204 2513 li-
1232 2522 1237 2529 ,

10 2529 361 2603 pensares:
505 2543 540 2625 δ’
643 2542 647 2549 ’
1203 2562 1244 2616 25

39 2717 41 2722 ’
150 2671 158 2707 '⁸
224 2726 227 2733 ·
296 2699 394 2779 148.
446 2705 703 2804 Europaei
740 2698 972 2804 luppiter.

150 2830 285 2921 Europe
305 2816 365 2919 sirit
384 2832 449 2899 filia
468 2832 556 2919 regis
578 2832 778 2897 Graecorum
799 2832 966 2918 Agenoris.
1009 2831 1103 2909 Quae
1127 2829 1206 2915 dum

66 2915 349 3004 colligeret'flores
370 2918 402 3003 in
420 2917 520 3007 pratis
543 2916 716 2983 seeundum
739 2916 1000 2985 consuetudinem
1021 2918 1206 3008 puellarum,

65 3004 233 3092 iuppiter,
263 3002 297 3088 in
327 3004 461 3071 sormam
491 3029 506 3068 s
529 3002 625 3068 eoiosi
650 3001 734 3069 tauri
754 3021 942 3085 conversus,
971 3004 1001 3069 ei
1024 3004 1085 3070 rim
1104 3004 1208 3072 intusa
1238 3014 1242 3026 '

10 3140 12 3151 .
65 3088 130 3155 hoo
171 3088 277 3155 morlo.¹
341 3090 464 3164 Quum*
519 3087 661 3154 ereurins
687 3087 780 3191 jussu
818 3088 916 3174 patris
946 3088 979 3154 in
1010 3088 1249 3158 Phoenieemeo

67 3184 288 3262 transgressus
315 3187 419 3254 esset,
453 3185 489 3240 ut
516 3182 661 3239 armenta
689 3172 768 3239 illius
797 3172 937 3260 regionis
960 3172 1002 3240 od
1023 3174 1095 3242 litus
1120 3198 1208 3241 oom-
1246 3179 1249 3185 '

67 3259 216 3348 pelleret,
239 3258 386 3348 iuppiter
405 3260 437 3325 in
461 3271 585 3326 taurum
606 3273 779 3343 ‘conversus
805 3273 871 3342 est;
907 3280 1069 3348 quumque
1097 3284 1133 3327 se
1159 3261 1209 3349 iu·
1310 3268 1313 3273 “

66 3344 182 3415 mentis
201 3346 358 3431 Agenoris
380 3345 467 3433 regis
494 3344 733 3425 immiscuisset,
765 3353 798 3410 et
826 3343 857 3408 in
886 3366 1026 3410 amorem
1058 3346 1105 3411 sui
1135 3369 1149 3409 s
1173 3368 1209 3410 a·

68 3431 185 3498 tiantes
205 3431 239 3496 iu
260 3450 358 3497 arena
378 3430 516 3518 virgines
539 3430 717 3517 coegisset,
746 3448 784 3495 ac
805 3427 957 3532 paulatim
977 3429 1109 3516 singulis
1132 3369 1208 3496 allu-
1245 3456 1250 3465 ¹

10 3528 15 3593 ξ
69 3514 167 3596 (leus,
189 3515 357 3583 novissime
378 3517 536 3602 Agenoris
556 3516 667 3594 filiam,
700 3515 838 3604 enjusrn
865 3535 1006 3579 amorem
1028 3514 1272 3604 compulsnsspv

10 3598 28 3677 l*
69 3612 238 3669 averterat,
258 3602 418 3691 figuram,
445 3600 635 3667 insidentem
666 3598 725 3664 sibi
757 3610 851 3686 tergo
870 3597 904 3665 in
920 3597 1054 3667 insulam
1076 3602 1209 3671 Cretam

11 3683 24 3707 ⁸
69 3684 200 3767 detulit,
226 3686 335 3775 ibique
355 3685 470 3776 nuptiis
491 3686 559 3776 ejus
580 3684 694 3751 imitus
712 3695 770 3751 est.

11 3806 21 3839 sl

11 3977 17 3983 Ι
140 3871 235 3948 Mil.
267 3871 476 3985 ¹Agenor
508 3887 552 3950 et
589 3873 813 3966 CadmuS,
852 3870 990 3991 filius
1022 3874 1136 3977 ejus.

155 4004 305 4089 Agenor,
326 4014 419 4091 rapta
439 4001 503 4068 filia
523 4000 674 4088 Europa,
697 4003 811 4070 fratres
835 4003 902 4093 ejus
924 3999 967 4068 ad
985 4003 1209 4089 requirendam
1265 4010 1275 4018 '

69 4098 217 4175 sororem
244 4088 346 4169 misit,
372 4085 550 4168 Cadmum,
581 4090 730 4164 Cilicem,
757 4089 971 4169 Phoenicem
1002 4088 1049 4154 ita
1070 4105 1122 4173 ut,
1151 4093 1256 4164 nisito¹

10 4253 17 4276 ν
69 4196 145 4243 eam
173 4173 382 4265 reperissent,
413 4173 457 4244 ud
484 4197 520 4245 se
546 4197 611 4241 nou
631 4186 867 4244 reverterentur
887 4174 921 4243 in
941 4172 1086 4263 patriam.
1129 4177 1211 4247 uitis
