2632 4658
244 179 257 288 j
369 192 551 296 uyuoga.
580 153 651 279 m.
705 189 746 266 a.
802 190 888 317 rr„
958 126 961 131 ¹
1052 192 1190 291 ,ara
1221 165 1238 270 ’.

44 375 180 456 cendia,
213 375 347 456 caedes,
384 377 553 464 naufragia
581 377 750 445 et=simiiia
775 381 920 468 pertinet.
970 377 1069 446 Unde
1099 379 1187 468 apud
1281 372 1286 381 ’

44 462 186 529 cundem
216 462 301 528 Dido
330 464 497 530 moritura:
545 463 656 545 Quem
690 464 835 528 dederet
862 487 1005 529 cursum
1030 463 1186 552 jortunu

42 547 180 635 peregi.
223 548 268 613 Se
288 547 371 613 euim
389 559 587 636 peremtum,
619 549 731 614 merito
752 547 785 613 id
808 549 971 630 fortunae,
1007 571 1070 614 non
1086 560 1186 637 ,nam-
1241 580 1248 598 ¹

40 639 103 699 ,rae
125 631 254 699 ascribit
267 633 419 699 ‘rei'fato
464 635 520 699 Sic
542 632 658 698 Cicero
679 634 709 698 in
730 633 926 723 Philippicis:
959 632 1079 698 Multa
1097 633 1187 698 mini

43 717 140 798 enim
162 717 343 782 imminere
353 715 573 783 ’uidebantur
602 730 746 803 praeter
778 731 946 784 naturum
977 727 1211 806 praeterquet

30 798 196 890 ‚supremi
233 799 268 866 id
308 813 357 868 est
404 801 502 890 gladii
536 802 660 868 Antonii
705 825 745 867 ex
762 826 862 869 casu.
911 803 983 869 'Dc
1021 825 1061 869 co
1099 824 1185 882 vero,

68 883 136 951 uod
168 885 285 959 ibidem
313 910 404 953 suam
427 887 512 953 Dido
540 887 710 973 imaginem
740 891 799 955 snb
832 901 932 955 terras
962 887 1038 954 dicit
1067 888 1213 955 ituramr

45 907 103 1072 dut
120 969 183 1038 thie
216 970 258 1036 de
286 973 476 1058 quibusdam
504 971 641 1039 lectioris
671 973 763 1069 hujus
792 974 890 1063 partis
926 971 1083 1039 Aeneidos
1121 974 1212 1040 uti»

46 1055 148 1135 libus,
182 1057 366 1143 priusquam
401 1058 444 1123 de
471 1057 604 1124 Pallade
635 1080 787 1143 agamus,
827 1058 934 1125 utilem
959 1059 1196 1138 interseramus,
1238 1066 1241 1075 “

47 1141 244 1226 excursum)
277 1142 442 1243 piurimnm
473 1166 492 1208 a
528 1142 699 1294 mpp'oribus
739 1143 932 1232 disputatum
969 1155 1026 1210 est.
1088 1141 1225 1232 Apuuw

46 1225 213 1292 nonnullos
237 1249 317 1292 enrm
341 1229 545 1316 philosophos
590 1229 623 1294 iu
642 1230 819 1316 quaesitum
840 1239 906 1309 est,
950 1227 1027 1316 qnid
1055 1227 1098 1294 de
1116 1251 1210 1317 'no-¹

46 1312 96 1377 bis
126 1312 166 1378 sit
199 1312 292 1399 quod
313 1314 432 1381 int'eros
453 1320 551 1402 petat
611 1315 695 1380 Nam
722 1315 823 1382 tribus
854 1313 1015 1380 hominem
1036 1324 1187 1392 ¹constare

46 1395 263 1480 tradiderunt3
302 1400 534 1486 anima,=quae
561 1420 697 1488 superna
720 1409 770 1466 cst
791 1411 824 1467 et
845 1399 886 1465 ad
915 1399 962 1464 ori
988 1400 1072 1465 inem
1093 1422 1205 1479 suam¹
1231 1403 1238 1411 '

46 1483 232 1563 revertitur3
246 1540 252 1545 .
265 1504 416 1570 corpore,
451 1476 537 1572 qu'od
568 1485 601 1550 in
630 1497 716 1551 terra
748 1484 873 1565 deficit3
913 1421 1043 1567 amira,
1087 1508 1188 1574 quam*

47 1566 221 1634 Lucretius
242 1568 431 1653 spoliatum
462 1569 595 1634 lumine
621 1572 738 1635 ne'i'em
767 1568 884 1637 definit.
938 1569 1031 1672 Ergo
1059 1573 1225 1652 umbrant

46 1653 210 1739 inquiunt,
239 1655 321 1720 sicut
341 1677 382 1719 ex
403 1675 539 1743 corpore
561 1667 705 1733 creatur,
726 1657 794 1721 sinc
816 1655 914 1722 dubio
934 1666 1017 1741 pent
1040 1677 1119 1732 cum,
1134 1679 1184 1734 eo.
1263 1709 1269 1723 .

46 1737 122 1802 Nec
142 1739 383 1827 est'quicquam
404 1738 447 1804 de
469 1741 594 1806 homine
608 1740 787 1827 reliquum,
820 1739 907 1828 quod
938 1740 1056 1807 inferos
1085 1752 1185 1831 petat.¹

27 1821 99 1887 'De
123 1823 306 1889 rehendisse
338 1837 444 1891 tamen
474 1848 509 1890 se
537 1824 665 1891 tandem
694 1824 819 1904 dixere,
854 1847 926 1891 esse
955 1825 1115 1912 quoddam
1131 1826 1185 1894 ‘si-

47 1846 234 1989 mniacrum,
254 1908 342 1996 quod
365 1909 406 1974 ad
423 1909 521 1977 nostri
546 1910 689 1996 corporis
705 1910 846 1997 effigiem
869 1911 978 1975 fictum
1001 1910 1049 1995 ad
1064 1911 1183 1978 inferos

46 1991 226 2080 de‘migret3
265 2017 336 2060 esse
358 2006 464 2061 autem
493 1995 633 2085 speciem
654 2016 859 2082 corpoream,
896 2010 980 2083 qnae
1006 1997 1097 2084 tangi
1119 2011 1226 2063 nonno

46 2078 166 2165 possit,
195 2079 276 2146 sicut
298 2091 358 2146 nec
380 2091 499 2146 ventus.
542 2079 622 2144 Inde
643 2093 709 2146 est:
944 2085 947 2097 '

134 2163 286 2250 Corpora
306 2166 387 2230 viva
408 2163 510 2252 nefas
530 2164 658 2253 Stygio
682 2176 821 2230 vectare
840 2163 975 2230 carina.
1302 2237 1303 2240 Ἴ

46 2247 145 2314 Hanc
165 2260 271 2314 antem
292 2271 362 2317 rem
382 2253 478 2318 etiam
498 2251 659 2316 Homerus
690 2251 832 2340 inquirit,
867 2248 1036 2316 simulacro
1055 2247 1184 2316 Hercu-

45 2331 84 2399 lis
117 2329 202 2421 apud
232 2334 351 2402 inferos
379 2337 455 2402 riso.
517 2336 620 2417 Haecj
639 2335 721 2402 enim
753 2334 921 2403 simulacra
950 2333 1044 2401 etiam
1071 2356 1184 2402 eorum
1236 2403 1240 2414 ,
1290 2352 1294 2367 ’·

14 2436 121 2484 *esse
141 2418 228 2485 dicta
249 2432 340 2502 sunt,
380 2423 434 2508 qui
456 2441 515 2514 per
547 2416 742 2489 ἀποθέωσιν
773 2420 816 2486 dii
850 2420 925 2486 facti
947 2430 1029 2485 sunt
1085 2419 1229 2512 [indens.

45 2525 159 2571 omnes
181 2514 237 2570 aut
257 2506 314 2572 visi
334 2528 407 2573 esse
428 2504 515 2594 apud
536 2505 655 2573 inferos
676 2517 732 2573 aut
752 2505 826 2572 illuc
847 2502 1051 2571 descendisse
1071 2503 1184 2572 dicun-

45 2600 108 2655 tur.
150 2589 305 2658 Horatius
331 2591 374 2658 de
393 2593 530 2659 Liberos
568 2590 617 2656 Te
637 2589 729 2656 uidit
750 2591 868 2654 insons
892 2587 1057 2656 Cerberus
1077 2612 1183 2656 aureo
1206 2665 1208 2669 .

44 2694 156 2738 cornu
167 2673 345 2742 'decorum
386 2679 432 2744 Et
452 2675 538 2766 apud
560 2675 725 2762 Virgiiium
747 2676 894 2741 Charon:
1151 2732 1154 2746 ,

20 2801 23 2806 ι
133 2758 210 2823 Nec
230 2783 308 2824 vero
332 2761 482 2828 Alciden
506 2784 559 2837 me
581 2784 659 2824 sum
681 2761 834 2839 luctatus
856 2768 995 2823 euntem
1112 2780 1115 2784 “
1216 2765 1219 2769 ⁴

125 2847 314 2930 ¹Accepisse
335 2847 434 2920 lucu,
468 2868 528 2911 nee
557 2844 686 2908 Thema
709 2843 993 2932 Pirithoumque,
1141 2920 1144 2925 ¹
1189 2865 1227 2917 so

119 2927 203 2991 -Dis
220 2951 430 3018 quamquam
447 2931 566 3018 geniti
587 2941 647 2994 etc.
1023 2948 1049 2963 ”

11 3071 17 3075 .
45 3014 230 3164 phutuntnr
248 3026 355 3097 tamen
376 3023 507 3104 potitae,
524 3044 525 3048 ¹
542 3025 575 3082 et
596 3013 730 3080 confuse
748 3011 796 3079 vei
824 3009 1026 3078 simulacrum
1046 3009 1094 3076 rel
1114 3031 1184 3077 um-

68 3119 138 3164 ram
182 3109 290 3166 onunt.
1249 3154 1255 3171 s

135 3121 197 3249 li:
229 3182 327 3258 Quod
349 3183 475 3250 veroin
505 3183 603 3251 sacris
631 3183 784 3270 magicis,
823 3200 907 3269 quae
928 3177 1089 3247 Didonem
1112 3181 1191 3254 Virs

32 3343 34 3347 y
71 3266 159 3346 iius,
182 3280 216 3337 ut
234 3291 292 3335 suo
308 3271 448 3357 Aeneam
469 3270 606 3338 irretiret
627 3292 754 3350 amore,
775 3264 897 3333 inducit
919 3265 1104 3338 facientem,
1125 3269 1226 3339 aitta's

18 3396 21 3401 -
82 3353 230 3417 tmntri
254 3366 462 3442 praereptus
482 3377 598 3431 amor,
632 3354 774 3420 aPiinio
802 3351 913 3429 traxit,
946 3353 1000 3437 qui
1027 3352 1059 3416 in
1080 3351 1213 3418 Natu·'

45 3437 105 3507 raii
128 3439 269 3518 Historia
299 3438 399 3527 puiios
428 3441 560 3529 equinos
588 3441 621 3505 in
651 3440 756 3504 fronte
785 3457 913 3513 carnem
947 3436 1105 3522 quandam
1127 3437 1184 3504 ira-
1231 3459 1234 3475 ·

49 3523 242 3603 benedicit,
277 3546 372 3610 quam
392 3525 430 3592 iis
452 3548 526 3593 mox
547 3525 629 3591 natis
651 3525 760 3590 adimit
779 3532 889 3587 mater.
931 3519 1036 3593 Quam
1054 3523 1093 3587 si
1136 3524 1184 3590 nis
1233 3549 1236 3555 ·

47 3607 146 3756 sonet
160 3610 384 3696 praeripuerit,
418 3611 536 3699 pullum
557 3609 625 3676 odit
644 3621 677 3676 et
697 3609 747 3674 iac
768 3607 796 3671 ei
819 3605 970 3690 denegat
1011 3546 1185 3679 UndeilJu-
1302 3654 1307 3663 ·

47 3715 180 3763 venans:
342 3730 345 3734 ’
510 3712 513 3717 ‘
1114 3726 1120 3738 ¹
1190 3709 1227 3760 to

89 3848 102 3876 ,x
133 3779 199 3927 {lui
221 3789 330 3928 &tum
355 3780 498 3845 tremuli
513 3777 670 3866 frontem
692 3775 858 3844 Caesonio
876 3770 971 3860 pulli
1011 3779 1014 3782 ’
1135 3778 1138 3783 ’

52 3917 60 3926 .
154 3887 175 3927 η
198 3890 220 3929 u
247 3866 276 3927 it
317 3888 600 3917 --·-----

47 3861 291 4016 Meritofautem
313 3949 529 4037 suspicantur,
550 3969 688 4019 amorem
712 3944 875 4012 arcarios
894 3963 1008 4021 carne,
1030 3942 1099 4015 sine
1120 3958 1185 4031 q'ua
1306 3977 1307 3982 κ

48 4047 152 4104 mater
170 4055 232 4100 non
255 4035 307 4100 aiut
328 4057 368 4100 ex
389 4058 425 4100 se
453 4044 603 4101 creatum.
657 4033 773 4098 Obitus
795 4027 1035 4109 cumjdifficiies
1056 4031 1098 4095 ob
1120 4032 1183 4098 hoc

48 4143 174 4204 passam
195 4121 311 4194 refert,
340 4119 426 4207 qnod
447 4120 509 4186 rita
530 4120 559 4184 ei
581 4118 775 4207 superfuisse
798 4115 958 4191 rideatur,
990 4134 1073 4201 quae
1095 4115 1224 4196 caquro

49 4227 112 4271 non
135 4221 190 4272 out
213 4207 279 4274 t'ato
302 4217 357 4274 ant
379 4217 493 4274 natura
513 4206 722 4286 moriebatur3
751 4199 837 4291 quod
856 4199 974 4301 etipse
996 4202 1160 4291 supponit:
1187 4229 1189 4234 ’
1303 4210 1305 4215 “
