2616 4658
325 187 508 294 rsa-uaga.
535 186 570 265 1.
622 121 923 272 «πμ-’.ω
1024 305 1027 312 Ι
1154 144 1215 271 ss

71 397 149 442 cum
169 372 227 442 „hu
256 373 383 463 nuptias
406 371 591 462 junxerunt.
633 373 818 466 Hypsipyle
840 397 888 441 ex·
902 372 1019 441 Iasone
1037 369 1118 440 iilos
1139 394 1216 463 pro·

69 461 195 528 creavit
214 461 363 527 Euneum
385 469 419 524 et
437 458 634 526 Thoantem.
669 461 777 534 Quum
797 458 938 549 plurimis
959 457 1073 526 diebus
1095 458 1224 528 detenti¹

70 557 200 626 essent,
222 546 262 612 ab
286 542 428 611 Hercule
448 543 611 635 objurgati
633 543 856 612 discesserunt
891 543 1085 610 Lemniades
1106 556 1215 612 autem

68 644 244 720 postquam
267 629 496 711 intellexerunt,
518 629 715 781 Hypsipplen
757 642 857 698 atrem
878 652 970 696 suum
992 650 1144 708 servasse,
1166 631 1215 696 in-

65 719 225 784 terficere
252 737 324 782 earn
352 725 488 781 conatae
514 728 596 782 suut
665 713 696 780 la
741 739 792 782 um
808 717 969 802 iugit,·a
997 714 1238 802 praedonibus⁵

65 812 123 869 est
145 812 259 889 capta,
281 811 315 867 et
336 799 492 865 Nemeam
515 798 701 890 deportata,
729 813 763 870 et
783 801 957 892 Lycurgo,
983 800 1126 889 regionis
1147 802 1215 892 ejus

68 888 169 975 regi,
197 887 230 952 in
251 885 433 953 servitutem
455 884 618 954 distracta.

138 1090 141 1101 .
252 988 368 1100 ⁸154.
421 1025 614 1099 Danaus
649 1035 695 1100 et
728 1020 997 1125 Aegyptus.

48 1175 54 1192 ·-
159 1145 310 1228 Danaus,
330 1142 401 1211 Beli
422 1143 524 1226 tilios,
547 1166 588 1210 ex
608 1143 750 1234 pluribus
770 1142 960 1231 conjugibus
982 1143 1214 1235 quinquaginta

68 1230 155 1298 filias
176 1232 304 1311 habuit;
332 1228 531 1315 totidemque
551 1229 652 1297 irater
664 1229 740 1332 ..ejus
762 1233 930 1318 Aegyptus
951 1229 1050 1312 filios,
1071 1231 1126 1319 qui
1143 1232 1256 1302 Dato

70 1339 174 1384 naum
205 1317 358 1396 fratrem,
386 1325 423 1381 ut
449 1315 530 1382 filias
556 1313 627 1381 filiis
647 1337 712 1383 suas
733 1314 765 1380 iu
786 1315 1018 1382 matrimonium
1041 1315 1215 1406 copularet,

70 1401 253 1492 postularit.
294 1401 446 1481 Danaus,
479 1420 634 1488 responso
666 1409 801 1487 accepto
831 1421 851 1464 a
880 1399 954 1481 diis,
984 1400 1073 1505 quod
1099 1403 1216 1554 generi

70 1489 124 1554 sui
145 1488 290 1554 manibus
312 1487 455 1553 interiret
461 1515 473 1567 3
500 1487 606 1573 Argos
635 1487 801 1573 proiectus
827 1496 877 1551 est
905 1496 938 1554 et
960 1510 1078 1576 primus
1121 1489 1217 1556 icitur

71 1594 187 1656 navem
202 1572 325 1650 iecisse,
347 1594 367 1638 a
388 1572 477 1638 ou'u's
497 1572 624 1637 nomine
641 1575 730 1659 Argo
751 1569 836 1636 dicta
854 1582 903 1638 est
918 1573 1016 1640 naris.
1046 1575 1215 1662 Aegyptus

73 1658 171 1733 mittit
190 1657 270 1725 filios
291 1681 366 1725 suos
385 1597 437 1725 ad
449 1655 705 1745 persequendum
730 1656 888 1736 fratrem,
906 1655 1021 1746 hisque
1038 1663 1213 1762 praecepit,
1222 1683 1258 1736 ιι

75 1755 111 1810 ut
144 1754 199 1810 aut
224 1743 373 1810 Danaum
409 1740 608 1817 occiderent,
641 1754 696 1810 aut
723 1740 853 1807 domum
884 1762 947 1806 uon
977 1743 1136 1825 redirent,
1180 1756 1216 1814 ut

75 1833 208 1915 Agenor
226 1829 293 1900 filio,
313 1821 438 1894 Cadmo
458 1828 679 1914 imperaverat
723 1826 787 1901 Qui
808 1835 974 1913 postquam
993 1832 1098 1916 Argos
1116 1852 1213 1896 reue·
1305 1901 1306 1904 ,

75 1925 165 2000 runt,
188 1923 365 2000 coeperunt
385 1923 532 1999 patruum
550 1932 749 2060 oppugnare.
787 1911 919 1977 Danaus
940 1925 1108 2001 postquam
1129 1913 1215 1996 vidit,

76 2022 113 2066 se
143 2021 207 2063 non
238 2019 334 2085 posse
368 1996 534 2074 resistere,
605 2019 651 2062 rus
684 2018 760 2062 suas
795 1995 841 2061 eis
880 2017 995 2065 uxores
1027 1999 1234 2087 spoponditp

78 2107 163 2172 quae
189 2083 287 2171 patris
302 2082 395 2169 jussu
416 2081 449 2146 iu
470 2091 565 2166 noete
588 2081 672 2147 siros
694 2103 769 2147 suos
791 2071 957 2148 adversae
977 2083 1258 2166 interfeceruntsa

100 2180 205 2235 raeter
225 2169 507 2259 clytemnestram,
535 2187 619 2252 quae
648 2165 716 2234 sola
738 2165 872 2255 Lynceo
895 2167 960 2233 viro
979 2191 1041 2235 suo
1062 2170 1218 2259 pepercit

54 2194 132 2332 ‚ht
162 2252 225 2319 hoe
251 2252 355 2321 scelus
376 2251 481 2317 Danai
506 2250 591 2318 filiae
612 2249 697 2339 apud
719 2251 838 2318 inferos
860 2251 922 2319 hae
943 2253 1091 2323 dicuntur
1111 2279 1217 2346 poena

74 2338 264 2416 damnatae,
292 2349 329 2407 ut
352 2359 467 2426 aquam
487 2337 521 2403 in
542 2336 661 2405 dolium
679 2348 845 2426 pertusum
867 2337 1000 2408 mittant.

74 2479 171 2556 155.
225 2480 434 2561 Historia
458 2477 661 2554 Dardani
686 2491 729 2553 et
754 2478 890 2580 Origo
913 2478 1210 2580 Troianorum.

54 2673 57 2677 ,
162 2599 334 2677 Dardanus
360 2611 393 2667 et
417 2600 520 2668 Iasius
542 2599 657 2668 fratres
679 2600 824 2680 fuerunt,
856 2598 1025 2677 Electrae,
1056 2597 1139 2664 filiae
1159 2601 1257 2670 At-ta

74 2687 188 2767 lautis,
208 2686 279 2767 tiliig
316 2683 374 2754 scd
387 2684 568 2757 ,Dardanus
590 2685 752 2767 delore,
781 2684 885 2753 Iasius
910 2682 952 2751 de
973 2682 1216 2772 Corythopro-

75 2784 205 2840 creatus
219 2784 285 2852 est,
308 2768 438 2839 acu'us
460 2772 586 2837 nomine
606 2793 697 2837 mous
719 2782 753 2838 et
773 2769 923 2873 oppidum
944 2790 1059 2836 nomeu
1081 2771 1217 2858 aceepit.

75 2859 199 2925 Postea
226 2858 344 2924 Iasium
372 2794 488 2930 dicitur
517 2854 690 2924 Dardanus
722 2857 887 2925 occidisse.
929 2854 1021 2921 Idem
1043 2852 1217 2924 Dardanus

75 2945 119 3010 ab
142 2941 252 3009 Italiae
271 2942 407 3030 regione
427 2941 567 3023 Tuscia,
599 2963 639 3008 ex
666 2962 821 3030 responso
847 2940 954 3011 locum
978 2950 1120 3020 mutans,
1155 2963 1215 3029 per

77 3026 253 3095 Thraciam
266 3029 399 3094 Samum
415 3025 538 3094 delatus
555 3036 623 3107 est,
644 3049 739 3114 quam
761 3024 1013 3094 Samothraciam
1023 3026 1256 3110 *nominavitac

74 3113 123 3181 Et
143 3113 217 3179 hine
236 3112 280 3181 ad
296 3111 473 3202 Phrygiam
490 3106 633 3190 de'v'enit,
648 3135 749 3199 quam
765 3111 961 3183 Dardahiam
976 3135 996 3179 a
1012 3133 1071 3178 suo
1088 3114 1215 3199 nomine

75 3199 267 3267 nominauit:
297 3221 336 3265 ex
358 3221 422 3284 quo
445 3209 538 3264 uatus
562 3208 612 3264 est
631 3194 876 3272 Erichthonius,
908 3197 1014 3286 quiin
1042 3198 1108 3266 istis
1136 3198 1214 3283 loeis

76 3285 233 3385 regnavit
273 3284 326 3350 Ex
342 3282 552 3350 Erichthonio
573 3283 675 3364 Tros,
697 3284 756 3370 qui
766 3283 888 3374 justitia
914 3295 947 3350 et
966 3284 1085 3371 pietate
1104 3282 1214 3371 lauda-

78 3369 150 3436 bilrs
173 3368 248 3449 suit3
274 3369 375 3457 isque,
397 3379 434 3434 ut
454 3368 637 3435 memoriam
661 3370 709 3436 sui
730 3370 862 3437 nominis
884 3370 1022 3447 faceret,
1043 3366 1215 3440 Erichtho·
1277 3410 1279 3421 ·

75 3454 164 3522 niam
193 3452 326 3542 'frojam
355 3453 533 3522 nominarit
575 3454 640 3529 Qui
668 3455 763 3523 etiam
791 3455 878 3525 Tros
903 3453 983 3519 tilios
1004 3451 1115 3519 habuit
1132 3453 1255 3537 11qu

73 3544 342 3626 Assaracumque.
384 3538 459 3617 Ille,
486 3538 561 3628 quia
587 3539 688 3627 major
707 3551 783 3605 natu
809 3550 896 3617 erat,
922 3537 1083 3624 regnavit,
1117 3550 1214 3628 atque

46 3624 213 3714 .*'l¹rojam
236 3622 278 3690 de
297 3647 359 3691 suo
381 3624 506 3710 nomine
526 3624 617 3697 Ilium
638 3623 817 3692 nominavit.
851 3623 1026 3691 Assaracus
1043 3624 1216 3712 aprimatu

76 3713 221 3781 recessit
264 3709 330 3777 Iius
359 3708 613 3778 Laomedontem
635 3710 733 3776 filiurn
752 3708 870 3777 habuit
912 3709 965 3775 Ex
993 3709 1216 3781 Laomedonte

77 3798 201 3888 primus
223 3796 370 3865 Priamus
393 3806 564 3865 natusest
606 3795 780 3863 Assaracus
803 3797 917 3884 Capyn
941 3796 1071 3882 genuit,
1089 3819 1139 3883 es
1149 3819 1214 3889 quo

76 3885 232 3953 Anchises
253 3881 357 3949 editus
380 3894 446 3965 est3
476 3880 694 3969 Anchisesque
713 3883 855 3974 Aeneam
873 3883 1059 3970 procreavit
1109 3928 1115 3935 ,
1201 3885 1257 3964 '40

127 4019 220 4096 156.
274 4018 558 4115 Laomedon,
598 4013 832 4097 Hercules
867 4034 909 4130 et
945 4018 1163 4098 Hesiona.

72 4178 74 4182 ·
125 4200 129 4207 ,
163 4137 354 4207 Laomedon
389 4162 447 4218 rex
485 4139 545 4208 fuit
570 4120 816 4230 'Trojauorum
853 4150 943 4228 pater
957 4141 1119 4208 ‘Priami'
1152 4139 1216 4216 Qui

78 4225 171 4316 petiit
191 4226 379 4314 Neptunum
407 4238 440 4296 et
465 4224 666 4318 Apollinem„
685 4237 721 4294 ut
750 4224 954 4296 aedificarent
979 4227 1114 4317 trojam
1140 4246 1216 4318 pro-
