2632 4658
10 234 13 239 ,
69 161 126 239 aa
355 161 538 293 aynae.
565 163 600 239 ι.
653 160 914 293 iai-iao.

71 346 210 428 trahunt,
259 348 350 423 Quos
385 345 472 417 Ji'ino
506 365 604 416 cansa
628 347 788 438 Epaphi„
803 336 954 419 ax'Jo'va
983 349 1066 430 nati,
1099 359 1211 421 contra

43 503 46 520 ,
71 435 184 500 Joiein
206 435 353 502 excitavit
373 456 462 500 arma
481 433 663 517 sustollere;
684 435 771 502 unde
786 435 859 504 victi
875 458 995 526 poenas
1012 434 1136 503 dedere
1155 436 1211 521 ad-

18 539 21 546 ’
67 518 250 609 jurantibus
275 518 345 587 diis.
360 519 406 587 Et
418 518 532 587 Atlanti
545 519 624 587 caeli
641 542 722 588 onus
739 521 899 609 imposuit.
929 520 1028 590 Unde
1038 522 1208 610 Virgilius:

80 603 242 670 'Ibntane
268 627 327 672 vos
343 604 485 691 generis
506 605 622 669 tenuit
631 600 775 692 fiducia
794 608 930 672 vestri?
960 607 1135 677 Hiertam
1155 631 1211 711 ap-

49 699 66 745 5
97 687 229 755 ellantur
256 687 387 756 dirersis
417 688 592 771 nominibus
624 700 690 757 tam
718 713 739 756 a
768 691 904 759 Graecis
934 715 1031 779 qnam
1060 715 1080 760 a
1108 694 1209 763 noui.

72 711 120 840 llti
151 772 372 861 Zephyrum,
400 795 459 841 nos
488 773 664 841 Austrum
696 772 839 855 dicimus.
865 782 867 787 ’
891 777 961 844 Nos
991 776 1213 866 Aquilonem,

73 858 114 923 illi
142 857 293 924 Boream
323 870 446 925 nocant
495 858 542 924 Illi
575 856 730 935 Eiirum,
771 881 831 928 nos
862 857 1037 946 Africum
1070 860 1211 931 dicimus.

75 941 242 1030 Virg'dius:
278 941 452 1032 Dilapsus
484 941 597 1023 calor,
630 953 736 1030 utque
761 943 800 1010 io
821 956 940 1015 ventos
958 945 1037 1013 vito
1058 942 1209 1014 recessit.

412 1095 506 1173 181.
560 1095 863 1200 Ganymedes.

34 1240 67 1288 ιο
158 1224 231 1292 Gan
255 1220 383 1326 medes,
404 1227 486 1294 libna
507 1223 620 1320 Troili,
641 1225 696 1293 lilii
716 1224 849 1329 Priami,
872 1247 968 1330 qnam
986 1225 1090 1331 prima
1110 1226 1213 1298 sorana

74 1311 189 1379 ceteris
206 1246 357 1399 'ilropanis
379 1313 614 1403 praeferretur,
636 1323 670 1378 et
691 1310 825 1382 assiduis
847 1304 1063 1382 venationibus
1079 1315 1113 1382 in
1134 1313 1214 1383 Idae

72 1395 148 1464 silva
176 1407 400 1478 exerceretur,
431 1399 471 1465 ab
501 1397 663 1484 armigero
691 1396 799 1475 Joris,
823 1397 947 1467 scilicet
974 1398 1095 1487 aquila,
1129 1422 1214 1488 quaa

72 1479 234 1584 qnondam
246 1481 289 1547 illi
301 1482 430 1551 fulmina
441 1484 614 1633 offerelppt,
634 1482 810 1587 incaelum
830 1495 941 1574 raptus
960 1495 1028 1566 est,
1051 1494 1086 1552 et
1106 1484 1213 1554 factus

24 1578 295 1754 ..sallat
312 1567 1214 1756 latitatthillfftttttltt‘tlhh

9 1758 15 1768 ·
73 1748 220 1819 virentis,
241 1735 275 1804 id
296 1750 347 1806 est
366 1739 548 1814 masculini,
571 1740 759 1842 concubitus
780 1742 922 1823 subiret,
937 1761 1054 1843 ,remus
1072 1741 1110 1808 in
1126 1742 1217 1831 aqui-

71 1823 133 1890 lam
154 1845 193 1926 ex
213 1821 403 1976 ldaduioate
423 1821 646 1916 Ganymedem
665 1834 790 1916 rapuit,
820 1838 855 1896 et
884 1827 962 1896 lecit
989 1847 1065 1896 aum
1086 1826 1215 1916 pinear-

71 1931 146 1978 nam
166 1929 200 1976 in
221 1930 261 1978 ca
290 1930 320 1976 o.

1 2046 4 2064 ¹
131 2080 136 2089 ·
279 2063 376 2143 185.
427 2069 625 2172 Liriope.
653 2080 697 2144 et
725 2066 997 2145 Narcissus.

17 2188 67 2256 'ao
153 2193 286 2298 Liriope
304 2194 456 2285 Nympha
477 2221 516 2267 ex
537 2221 631 2267 amne
643 2196 693 2265 Ge
714 2193 786 2262 hiso
810 2194 992 2284 procrearit
1011 2191 1213 2277 Narcissum,

71 2277 124 2346 ciii
154 2280 297 2348 Tiresias
326 2284 433 2349 omnia
459 2306 614 2374 prospera
641 2219 800 2373 pollicitos
826 2289 891 2361 est,
921 2282 950 2349 si
970 2279 1215 2372 pulchritudinis

71 2386 149 2431 snae
182 2365 298 2432 nnllam
331 2366 496 2438 habuisset
525 2371 678 2440 notitiam.
730 2366 831 2433 Hunc
861 2363 962 2468 igitur
990 2388 1089 2456 quum
1118 2367 1215 2435 Echo

71 2450 237 2538 diligeret,
269 2473 375 2557 nequa
394 2453 490 2522 ullam
509 2456 593 2525 viam
613 2450 757 2544 potiendi
778 2452 952 2534 inveniret,
983 2474 1063 2520 cura
1077 2452 1214 2542 juvenis,

62 2560 167 2642 'quem
199 2548 360 2642 extremis·
376 2541 517 2646 vocibus·
536 2564 611 2631 pers
653 2549 785 2642 ueretur
815 2536 1011 2624 lugientem,
1051 2539 1214 2642 enabat,

28 2645 142 2774 Ἧι
161 2621 1215 2802 ῗῖιὲἶξῗέἔῗιὶῗᾛῗςέἳιῶΐέιίἳέῧὲἰιῗέἒρ.1ξῖἛὲ

69 2805 159 2875 rata,
180 2817 222 2862 ne
240 2795 388 2884 Juppiter
407 2798 439 2862 in
459 2798 636 2878 montibus,
668 2795 744 2861 duin
764 2805 1013 2882 persequeretur
1033 2792 1118 2885 Nym
1143 2794 1214 2877 has,

70 2877 268 2969 deprehendi
287 2892 405 2968 posset.
448 2883 571 2952 Fertur
590 2881 685 2950 Echo
704 2880 768 2946 filia
784 2879 939 2956 lunonis,
967 2889 1002 2946 et
1030 2881 1073 2946 ob
1128 2880 1215 2971 esor-

69 2964 212 3034 mitatem
238 2965 272 3030 in
300 2969 458 3037 montibus
488 2992 561 3036 esse
587 2964 793 3045 abscondita,
824 2987 866 3030 ne
891 2961 967 3052 quid
992 2963 1062 3054 ejus
1083 2977 1215 3054 praeter

28 3063 184 3118 aovoeem
207 3049 319 3141 inspici
341 3066 470 3143 posset,
495 3078 579 3158 qnae
600 3067 707 3123 tamen
728 3060 803 3140 post
822 3050 944 3118 obitum
966 3051 1084 3119 andita.
1127 3050 1215 3118 Nar·

71 3138 190 3204 cissum
219 3149 326 3206 autem
356 3163 453 3230 supra
481 3139 603 3209 dietum
632 3136 822 3212 obnimiam
844 3132 1083 3216 crudelitatem,
1116 3158 1214 3224 qaam

71 3222 105 3289 in
125 3222 221 3303 Echo
243 3224 433 3301 exhibebat,
454 3224 620 3306 Nemesis,
639 3222 674 3291 id
694 3234 744 3290 est
765 3221 914 3290 Fortuna
933 3220 1028 3289 ultrix
1050 3222 1215 3297 fastidien-

1 3323 2 3329 ’
68 3311 166 3391 tium,
185 3309 219 3375 in
240 3329 383 3377 amorem
402 3310 452 3379 sui
473 3310 631 3399 pertulit,
647 3320 685 3377 ut
704 3330 767 3374 non
788 3306 902 3374 minori
920 3306 1074 3389 flamma,
1091 3330 1132 3374 ac
1151 3307 1233 3389 illa,

70 3404 265 3462 exureretur.
291 3388 374 3470 'Qui
400 3418 499 3486 qnam
518 3395 648 3466 assidua
668 3392 835 3463 venatione
855 3390 1010 3480 fatigatas
1031 3392 1120 3482 juxta
1142 3393 1215 3460 son-

28 3492 134 3549 natem
155 3482 187 3546 in
208 3500 312 3570 opaco
332 3482 575 3570 procubuisset,
609 3491 642 3549 et
670 3479 819 3548 hauriens
841 3501 958 3567 aquam
979 3466 1229 3546 similitudinem*

69 3567 118 3633 sni
140 3567 368 3671 conspexisset,
389 3580 423 3637 et
443 3568 560 3638 diutius
584 3563 707 3637 ibidem
734 3577 930 3643 moraretur,
960 3566 1130 3637 novissime
1159 3588 1216 3632 ex-

69 3652 190 3735 tabuit,
220 3665 266 3719 ita
293 3664 331 3722 ut
360 3654 424 3724 vita
471 3656 635 3723 minamur.
676 3652 728 3719 Ex
749 3652 839 3743 cujus
858 3650 996 3738 reliqniis
1017 3654 1078 3720 llos
1104 3652 1216 3733 extitit,

69 3760 165 3841 quein
186 3736 328 3826 Najades
349 3680 538 3834 Nymphae,
563 3743 679 3811 tientes
709 3760 819 3807 casum
842 3736 965 3820 fratris,
993 3737 1215 3807 Narcissi-no

70 3848 155 3893 mine
179 3835 338 3895 notarunt

27 4019 63 4068 io
265 3979 357 4055 186.
412 3985 605 4060 Sirenes
641 3992 686 4057 et
720 3981 1023 4079 Proserpina.

156 4110 299 4189 Sirenes,
321 4110 452 4179 Acheloi
473 4111 560 4178 fluvii
580 4121 615 4179 et
629 4109 847 4199 Melpomenes
865 4106 978 4212 Musae
999 4109 1092 4213 filiae,
1115 4131 1215 4214 quain

66 4198 300 4286 Proserpinam
321 4209 447 4286 raptam
473 4198 689 4287 requirerent,
719 4204 852 4265 eteam
881 4217 1007 4264 minime
1034 4208 1214 4278 invenisset,
