2632 4658
138 125 195 219 ‚aa
398 114 616 245 ΜΨ.
644 124 677 201 1.
733 123 992 238 rao-raa.
1074 144 1079 153 ·
1145 122 1150 131 ·

139 310 281 381 diversas
302 309 393 400 petiit
421 310 573 400 regiones
580 331 592 393 ;
626 306 804 379 nouissime
830 311 993 381 constituit
1018 312 1184 393 Ciliciam,
1218 330 1277 381 nec

134 398 241 467 miuus
261 395 408 466 Phoenix
428 420 449 463 o
469 420 533 465 suo
551 395 678 472 nomine
697 386 893 465 Phoenicen.
930 396 1085 479 Cadmus,
1107 398 1277 487 desperata

135 508 197 572 spe
218 482 337 550 visendi
355 482 503 570 parentis.
545 484 570 548 A
595 480 693 548 ollinis
714 483 878 550 oraculum
899 480 1081 571 ingreditur
1103 484 1278 565 sciscitans,

37 642 39 647 ,
139 569 178 655 iu
202 566 325 656 quihus
345 567 509 655 portibus
529 504 622 631 orlh'a
642 568 866 657 consisteret.¹
897 571 1038 657 Accepta
1059 569 1169 673 itaque
1179 581 1276 651 ωηο,

112 662 177 727 ‚aut
200 676 329 719 vaccam
352 674 372 718 a
393 674 500 741 grege
528 663 702 732 secretam,
734 675 818 741 quae
837 653 932 720 lunae
962 656 1091 742 signum
1117 679 1150 722 rn
1178 654 1278 725 latere

136 740 289 823 haberet,
319 750 469 824 ageret,
486 746 519 804 et
549 737 605 803 ubi
633 736 720 805 sessa
740 740 984 827 procubuisset,
1010 741 1054 805 ibi
1077 743 1191 813 urbem
1214 752 1276 809 sta-

136 836 257 906 tueret3
291 823 429 911 parentis
458 833 635 926 praecepto
669 823 702 889 in
739 846 813 891 eam
856 837 975 909 terram
1008 825 1153 901 devenit,
1194 849 1276 917 quae

137 921 250 1000 postea
272 908 408 976 Boeotia
435 906 523 974 ducta
551 921 616 976 est·
651 908 718 975 Hic
748 932 847 999 quum
876 910 918 976 ad
947 911 1067 979 fontem
1088 910 1204 991 Martis
1226 935 1276 979 so-

140 997 206 1063 cios
244 1007 394 1083 aqrratpm
426 993 582 1074 misisset,
618 992 737 1064 invenit
767 1018 825 1062 eos
857 1017 877 1061 s
910 994 1053 1063 dracone
1083 1009 1277 1067 consumtos.

95 1079 236 1157 10Quod
260 1082 313 1147 uhi
337 1079 429 1158 uidit,
461 1091 640 1167 serpentem
660 1079 835 1160 interemit,
868 1091 903 1147 et
930 1080 1044 1149 dentes
1064 1083 1276 1172 ejus-evulsos

139 1168 234 1235 sevit:
257 1189 296 1232 ex
318 1167 432 1255 quibus
453 1161 620 1231 multitudo
643 1177 837 1239 armatorum
853 1166 1016 1252 gignitur,
1037 1191 1121 1255 quac
1139 1167 1224 1239 inter
1241 1191 1276 1237 sc

137 1252 313 1320 domestico
337 1250 417 1316 bello
440 1250 618 1337 confligens
639 1249 796 1333 concidit;
825 1251 873 1316 ita'
898 1262 934 1318 ut
959 1273 1000 1318 ex
1021 1275 1061 1320 ea
1079 1253 1277 1322 multitudine

136 1340 419 1490 lll‘hht‘lht
440 1334 787 1488 lltttlltttth
800 1335 878 1489 ,tl
894 1335 1100 1493 {alluh
1116 1339 1276 1501 'dliii

77 1520 129 1570 ·15
137 1511 269 1660 nominey)
295 1517 368 1574 sunt
401 1506 500 1573 haec:
537 1505 681 1588 Echion,
718 1502 854 1589 Idaeus,
890 1506 1089 1594 Chthonius,
1129 1510 1276 1594 Pelorus,

133 1599 247 1686 Hyper
269 1594 333 1659 ion.
1106 1634 1110 1643 ·

351 1701 445 1780 130.
499 1700 693 1778 Cadmus
723 1712 766 1780 et
790 1704 1060 1783 Hermiona.

222 1832 384 1915 Cadmus,
413 1833 571 1920 Agenoris
598 1829 699 1912 filius,
731 1848 898 1920 postquam
926 1835 1121 1925 inspectator
1142 1856 1273 1904 suarum

135 1921 351 1991 calamitatum
390 1916 497 1985 suerat
535 1918 568 1984 in
598 1918 684 1985 exitu
712 1931 882 2006 nepotum,
922 1943 1056 2008 perosus
1085 1920 1274 1989 Thebarum

91 2010 229 2082 aosedes
253 2029 332 2081 „cum
358 2004 552 2080 Hermiona,
582 2002 715 2071 Veneris
744 2017 776 2073 et
796 2005 908 2072 Martis
928 2006 1009 2082 filia,
1037 2006 1274 2110 conjugatus,

132 2098 165 2162 in
195 2094 338 2181 Illyricos
371 2091 459 2157 sinus
487 2089 661 2177 profugit.
693 2089 743 2157 Ibi
772 2112 792 2156 a
819 2089 877 2156 diis
909 2092 1007 2193 petita
1036 2115 1141 2173 reum,
1177 2105 1215 2161 ut
1239 2094 1273 2159 in

133 2179 281 2247 draconis
310 2177 452 2264 speciem
480 2184 739 2258 converteretur,
774 2176 827 2264 qui
856 2175 945 2242 initro
972 2176 1045 2243 mali
1074 2200 1172 2247 causa
1198 2179 1273 2261 tuit,

134 2278 212 2335 :rota
232 2275 306 2332 sunt
322 2261 470 2352 impleta,
499 2271 532 2328 et
560 2259 592 2325 iu
612 2272 778 2347 serpentes
801 2261 896 2358 ambo
916 2263 999 2330 rersi
1020 2273 1104 2331 suut.

368 2395 462 2483 151.
516 2398 700 2499 Monile
731 2401 1019 2497 Hermionae.

87 2554 124 2607 aa
222 2530 413 2608 Hermione,
436 2552 520 2618 quae
540 2553 580 2596 ex
600 2528 712 2597 Martis
733 2539 767 2595 et
786 2529 919 2596 Veneris
937 2527 1094 2598 adulterio
1114 2520 1273 2612 nata-est

18 2617 20 2623 ’
138 2642 234 2708 quum
256 2616 420 2706 praedicto
442 2615 567 2682 Cadmo
583 2614 776 2705 jungeretur
798 2615 1016 2695 matrimonio,
1046 2637 1180 2683 aureum
1200 2640 1270 2683 mo·

135 2706 197 2772 nile
226 2702 358 2770 Vulcani
388 2703 514 2789 aceepit
540 2699 644 2782 dono,
674 2698 853 2788 hujusmodi
879 2700 1008 2767 vcneffl
1036 2701 1209 2785 infectum,
1235 2713 1272 2769 ut

136 2813 270 2893 necesse
300 2796 390 2888 esset·
413 2787 618 2889 hocuaurum
645 2786 790 2937 gestant}
809 2786 1270 2937 aerumnarumlmolibuodop-

91 2899 253 3030 alth
269 2873 422 3025 Alth
443 2894 549 3036 ahl,
565 2893 1269 3025 tltthln'lhle”lthtntffihh‘ff

130 3070 205 3115 vero
229 3046 404 3112 Hermiona
426 3053 459 3110 et
479 3042 643 3122 Cadmus,
670 3041 715 3108 rir
738 3040 821 3133 ejus,
847 3043 879 3108 in
907 3041 1064 3110 dracones
1089 3055 1164 3111 sunt
1191 3066 1267 3133 con-

128 3133 220 3201 versi.
263 3128 391 3196 Deinde
420 3127 496 3194 illud
525 3127 652 3216 accepit
677 3130 804 3213 Agaue,
860 3151 921 3195 uae
951 3129 984 3195 in
1011 3129 1151 3201 furorem
1177 3151 1268 3197 versa

128 3220 227 3287 filium
262 3238 354 3284 suurn
389 3214 569 3285 Pentheum
602 3211 780 3281 trucidavit
873 3212 965 3281 einde
994 3214 1140 3291 Semele,
1185 3235 1268 3305 qnae

127 3305 256 3372 Junone
283 3300 483 3378 seducente,
521 3297 683 3386 fulminata
710 3308 760 3365 est
786 3319 806 3362 a
831 3298 920 3366 Jove.
973 3294 1102 3366 Deinde
1126 3298 1267 3379 Iocasta,

34 3406 38 3411 '
86 3413 212 3472 35uxor
241 3388 329 3466 Laii,
363 3408 448 3474 qnae
478 3406 551 3450 cum
579 3383 643 3449 filio
674 3405 733 3449 suo
764 3381 893 3473 Oedipo
924 3406 993 3452 rem
1021 3384 1162 3469 hahens,
1193 3384 1268 3453 inde

128 3479 208 3544 filios
240 3487 272 3542 et
296 3471 375 3538 filias
402 3470 590 3559 procrearit.
633 3468 773 3549 Postea,
799 3469 843 3534 Ar
868 3471 915 3550 ia,
937 3469 1064 3538 Adrasti
1085 3469 1267 3559 iiliarogis,

128 3584 208 3629 uxor
240 3557 419 3648 Polynicis,
463 3580 545 3643 quae
578 3555 770 3621 Thebanum
803 3493 917 3622 hedum
946 3556 1017 3621 fieri
1044 3555 1072 3621 ei
1101 3556 1267 3643 persuasit.

128 3648 248 3715 Ultimo
270 3657 375 3721 tamen
398 3643 568 3732 Eriphyla,
592 3663 674 3708 uxor
694 3637 875 3728 Amphiarai
897 3640 995 3720 vatis,
1018 3641 1161 3728 accepit,
1184 3664 1266 3744 puae
1315 3667 1316 3687 ³

127 3734 292 3809 maritum,
313 3729 357 3795 ad
380 3727 495 3795 bellum
513 3729 562 3794 ire
583 3728 761 3808 uolentem,
781 3726 939 3814 prodidit,
961 3738 994 3794 et
1012 3748 1116 3815 paene
1135 3726 1266 3795 inuturo

86 3819 176 3903 40ire
203 3815 320 3903 coegit.

104 3960 223 4039 452.
276 3961 520 4054 Eteocles,
563 3958 815 4058 Polynices
859 3969 902 4033 et
939 3954 1261 4058 Amphiaraus.

212 4089 362 4157 Eteocles
383 4102 416 4157 et
436 4089 606 4179 Polynices
628 4088 762 4168 fratres,
790 4086 957 4173 Thebani,
983 4108 1120 4175 reguum
1149 4086 1265 4176 partiti,

127 4174 191 4244 hoc
219 4177 374 4266 pepigere
406 4174 540 4260 foedus,
572 4187 609 4244 ut
636 4194 718 4242 unua
752 4194 816 4240 uno
847 4194 930 4240 anno
960 4194 1097 4262 regnum
1118 4173 1263 4253 haberet,
