2632 4658
153 168 233 243 aro
292 262 305 271 ἱ
400 226 402 233 .
447 164 628 280 uyaop.
654 112 708 243 ιι.ι
762 165 854 243 rsa.
882 166 979 244 ano.
1310 156 1314 271 t

153 351 277 419 semodi
301 353 399 441 signis
421 363 560 420 utuntur.
602 349 821 443 Ganymedem
839 373 914 430 rere
933 334 1091 435 bellando,
1112 354 1161 421 his
1180 355 1274 442 algnis

119 514 121 525 Ι
154 440 395 526 praceuntibus,
428 440 548 526 rapuit;
581 438 665 508 sicut
686 439 848 527 Europam
868 438 900 503 in
921 449 1013 505 tauro
1046 441 1192 531 rapuisse
1214 442 1271 506 l'er-
1312 448 1314 457 '

151 536 222 602 tur,
243 521 277 590 id
296 535 345 592 est
362 523 395 590 in
416 523 506 604 navi,
535 523 792 612 tauri'pieturam
812 523 957 591 habente.
1312 538 1314 549 ·

373 648 467 764 tas.
527 689 754 765 Hercules
786 700 835 765 et
874 689 1032 805 Hylas.
1060 696 1072 795 ⁹<

125 827 145 877 o
236 816 394 885 Hercules
425 838 521 907 quum
553 839 661 884 comes
688 815 880 905 Argonautis
910 814 1116 897 accessisset,
1147 814 1273 906 Hylam,

23 930 26 934 ¹
66 960 68 968 ,
151 901 400 970 Theodamantis
421 902 554 983 ⁴lilium,
602 900 807 969 admirandae
843 899 1082 990 pulchritudinis
1116 900 1274 990 jurensem,

32 1008 48 1031 ·’
79 1030 82 1041 ·
151 1010 259 1055 secam
281 988 371 1056 duait
390 987 593 1077 armigerum.
633 986 724 1054 Idem
745 1009 865 1055 remum
889 987 990 1074 fregit
1007 988 1039 1065 in
1060 987 1156 1063 mari,
1171 988 1183 998 '
1198 986 1271 1055 dum

151 1072 300 1162 proauis
332 1072 469 1160 remigat
496 1073 620 1140 viribus.
678 1073 779 1164 Cujus
807 1073 975 1161 reparandi
1000 1072 1106 1159 gratia
1138 1070 1272 1161 Mysiam

16 1240 18 1245 ,
151 1172 283 1246 petens,
306 1157 412 1225 silvam
434 1158 533 1225 lemur
553 1157 724 1260 ingressus
774 1157 875 1246 Hylas
902 1179 976 1223 vern
998 1179 1095 1245 quum
1121 1170 1272 1245 aquatum

108 1254 144 1302 10
172 1266 223 1308 um
245 1238 325 1309 rirna
350 1243 558 1331 perrexisset,
586 1266 626 1308 m*
648 1241 777 1308 flurium
809 1239 941 1321 cecidit;
974 1240 1058 1308 unde
1078 1264 1098 1306 a
1118 1235 1271 1331 Nymphis

147 1267 257 1415 daptus
295 1351 368 1395 esse
397 1325 519 1395 dieitur.
580 1328 685 1402 Quem
718 1326 793 1395 dum
828 1326 985 1395 Hercules
1020 1347 1194 1415 quaerens,
1233 1328 1271 1393 ab

149 1413 341 1501 Argonautis
362 1424 555 1501 segregatus
580 1424 681 1486 esset,
708 1411 740 1476 in
768 1412 869 1501 Mysia
901 1424 949 1479 est
968 1409 1102 1479 relictus.
1154 1412 1272 1481 Postea

148 1521 245 1586 quum
266 1495 429 1591 cognitum
459 1510 561 1576 esset,
592 1497 625 1564 in
653 1497 741 1564 lente
774 1518 846 1563 eum
877 1496 1012 1584 perisse,
1051 1505 1169 1563 statuta
1202 1508 1272 1564 sunt

150 1584 179 1648 ei
201 1604 310 1660 saera,
331 1582 365 1646 in
411 1581 501 1648 uibus
522 1605 589 1648 mos
615 1581 728 1660 iuerat,
749 1593 785 1647 ut
806 1602 919 1646 nomen
940 1581 1009 1671 ejus
1027 1579 1218 1648 clamaretur
1240 1583 1271 1648 in

107 1667 314 1734 tementibus.
365 1605 415 1733 Al
447 1688 542 1755 qaam
576 1665 777 1735 imitationem
811 1666 957 1752 Virgilius
991 1663 1084 1733 dicit:
1115 1652 1167 1730 utx
1185 1664 1271 1731 litus

146 1752 245 1839 Hyla
274 1749 373 1840 Hyla
393 1773 491 1816 omne
520 1761 667 1815 sonaret.
713 1748 888 1830 Hercules,
916 1748 1039 1839 perdito
1069 1747 1171 1841 Hyla,
1201 1762 1272 1852 post

126 1849 349 1924 peragratam
370 1835 507 1924 Mysiam
524 1836 663 1902 Colchos
683 1858 839 1925 pergens,
869 1837 998 1903 navibus
1025 1836 1110 1903 venit
1130 1835 1271 1923 Troyam.

146 1925 172 1988 Α
205 1922 294 2011 cujus
330 1934 422 2008 portu
460 1942 558 2009 quum
593 1933 670 1986 eum'
700 1921 905 2002 Laomedon,
947 1942 1004 1986 rex
1045 1919 1268 2022 Trajanorum,

148 2019 287 2087 arceret,
308 2005 462 2072 simulavit
483 2007 682 2082 abscessum,
706 2019 738 2074 et
759 2030 778 2072 a
800 2005 1013 2093 promontorio
1034 2005 1165 2094 Treyae,
1185 2005 1269 2092 qnod
1307 2026 1310 2031 ·

104 2105 279 2180 eapropter
300 2091 367 2179 ejus
389 2090 633 2158 taciturnitatem
655 2092 828 2193 Sigeum
850 2092 967 2158 dictum
1000 2102 1049 2157 est
1073 2090 1166 2176 (uam
1197 2089 1271 2179 erpi]

144 2176 324 2241 silentium
342 2174 485 2260 dicitur),
505 2175 637 2266 'Projam
658 2198 697 2242 ex
717 2175 884 2264 rmprnvisn
908 2177 999 2254 uenit,
1016 2175 1127 2261 urbem
1148 2196 1270 2263 expug-

146 2259 245 2342 navit,
277 2259 530 2327 Laomedontem
551 2282 662 2346 regem
676 2260 860 2340 interfecit,
890 2261 1021 2364 ejusque
1040 2260 1133 2327 hlium
1155 2261 1271 2327 Hesio·

146 2368 235 2425 uem,
248 2344 323 2436 jure
344 2343 415 2411 belli
436 2344 608 2426 sublatam,
629 2347 735 2414 comiti
754 2345 936 2423 Telamoni,
957 2345 1010 2433 qui
1025 2346 1144 2432 primns
1161 2366 1270 2411 ascen

145 2429 236 2498 derat
255 2451 396 2512 murum,
423 2428 563 2498 tradidit.
608 2429 703 2498 Unde
731 2442 780 2498 est
794 2444 893 2498 natus
914 2431 1053 2497 Teucer.
1094 2430 1178 2496 Nam
1201 2431 1269 2521 dja-

103 2524 216 2581 2oeem
246 2537 286 2582 ex
313 2515 373 2582 alia
401 2528 526 2584 canstat
553 2539 624 2582 esse
651 2528 769 2584 natum.
811 2517 906 2582 'Punc
933 2515 1090 2584 Hererdes
1108 2514 1270 2583 Priamum

145 2599 292 2686 quidem,
313 2599 489 2668 redemtum
509 2623 529 2666 a
549 2600 656 2668 vicinis
678 2601 836 2682 hostibus,
856 2603 888 2668 in
908 2613 1040 2688 paterno
1060 2622 1077 2668 r
1122 2622 1164 2667 no
1186 2600 1270 2670 loea-

145 2686 195 2752 sit
243 2685 364 2752 Postea
394 2707 491 2773 quum
525 2688 712 2755 excessisset
742 2710 761 2752 e
788 2687 861 2753 siris
891 2687 1065 2763 Hercules,
1140 2686 1268 2767 mamus,

144 2770 249 2837 velens
275 2781 421 2870 repetere
446 2792 605 2849 sororem,
639 2772 800 2859 proiectus
829 2784 878 2838 est
902 2795 975 2839 cum
1005 2770 1118 2858 legatis
1139 2771 1271 2841 Salami-

144 2878 237 2935 nam,
267 2856 321 2923 ubr
342 2857 508 2924 constabat
536 2856 617 2921 illam
636 2878 784 2944 regnare.
825 2862 867 2925 At
887 2857 1012 2935 minime
1033 2879 1104 2923 eam
1124 2869 1272 2944 repetere
1312 2868 1314 2951 l

101 2941 255 3018 aovalnit,
297 2941 430 3007 Graecis
460 2940 652 3020 dicentibus,
693 2964 730 3008 se
754 2941 829 3031 jure
857 2942 1006 3021 bellonam
1038 2963 1110 3009 eam
1140 2941 1269 3009 habere.
1312 2954 1314 3011 i

145 3027 239 3092 Unde
259 3023 357 3092 iratus
378 3026 524 3093 Priamus
548 3026 630 3093 misit
650 3024 891 3094 Paridemcum
914 3027 1071 3105 exercitu,
1092 3035 1129 3092 ut
1150 3025 1267 3115 aliquid

141 3112 205 3177 tale
233 3108 423 3193 abduceret,
456 3126 511 3182 aut
539 3134 670 3181 uxorem
691 3113 778 3199 regis
800 3125 855 3181 aut
880 3111 983 3180 filiam.
1026 3111 1089 3186 Qui
1108 3112 1141 3176 in
1164 3113 1268 3178 Grae·
1312 3100 1314 3137 ¹

142 3199 223 3264 ciam
245 3197 388 3276 veniens,
417 3196 615 3283 interpellare
638 3199 745 3299 eoepit
764 3198 935 3277 Helenam,
964 3196 1099 3263 Menelai
1123 3218 1266 3265 uxerem.

142 3284 236 3358 Quae
256 3302 353 3370 quum
374 3281 402 3346 ei
424 3282 602 3349 consentire
630 3282 798 3357 nelursset,
831 3304 981 3369 egressus
1011 3280 1078 3369 ille,
1108 3280 1267 3351 civitatem

99 3377 134 3429 ³⁵
144 3366 278 3436 obsedit.
321 3365 396 3441 Qua
416 3381 544 3448 eversa,
565 3365 721 3433 Helenam
742 3366 862 3455 rapuit3
883 3365 967 3433 unde
987 3377 1097 3454 postea
1117 3389 1139 3432 a
1155 3367 1267 3435 marito
1312 3380 1314 3401 ⁸

139 3453 237 3543 recipi
270 3452 393 3521 meruit
453 3452 529 3518 Hoc
562 3449 671 3517 dolore
705 3453 853 3520 commoti
888 3452 1024 3533 Graeci,
1061 3452 1267 3552 congregatis

27 3552 29 3555 ’
140 3540 316 3628 quibusque
336 3537 470 3605 fortibus
491 3537 580 3615 viris,
609 3535 741 3627 'frojam
770 3534 979 3621 obsederunt,
997 3543 1042 3604 'et
1062 3534 1188 3603 deermn
1212 3537 1267 3617 da·

140 3647 225 3692 ntum
248 3646 331 3691 anno
353 3631 621 3715 expugnaverunt.
1122 3665 1127 3673 «

478 3785 576 3862 200.
628 3782 924 3889 Amymone.

100 3924 150 4021 ⁴⁰·
225 3919 409 4008 Amymone,
430 3915 533 4019 Danai
553 3914 625 3992 filia,
647 3912 720 4016 dum
742 3915 883 3982 studiose
895 3915 926 3979 in
941 3911 1041 3982 insula
1052 3926 1268 4020 exerceretur,

141 4003 328 4168 :titillat
350 4003 499 4174 Milli
523 4010 699 4172 tttttttt
727 4001 964 4152 httht‘tt
991 4001 1269 4173 hildilid&

144 4176 256 4262 fugato
285 4174 420 4264 Satyro,
452 4171 520 4258 ipse
550 4170 744 4258 compressit
792 4170 842 4239 Ex
872 4193 935 4259 qun
963 4191 1072 4239 amore
1099 4184 1192 4240 natus
1223 4185 1270 4241 cat
