2632 4658
411 118 928 243 uxaminqrifc..
1064 95 1067 102 ’
1154 144 1232 219 ssi
1294 100 1296 105 ’

177 334 744 365 ⁴·-··-···-·--·-·-—--
800 315 847 383 Te
870 315 966 387 totis
988 321 1095 411 impio

214 436 217 440 -
273 392 402 463 Tutela
424 399 578 464 Saturno
598 399 779 488 refulgens

91 535 93 545 .
123 530 125 535 .
323 478 485 566 Eripuit,
521 483 746 575 volucrisque
763 484 850 551 Fati

180 556 357 628 Tardnoit
387 563 477 629 clos.
652 625 657 630 .
692 627 695 630 ,
800 605 813 646 2

95 638 141 707 Et
162 641 246 709 bene
266 646 416 732 tardavit,
466 647 518 717 uia
543 651 715 723 necessitas
742 651 797 719 lati
816 651 960 742 impediri
986 677 1081 743 posse
1102 654 1270 737 diciturne

96 746 160 793 nnn
179 729 305 816 penitus
326 731 418 803 eludi.
444 674 547 802 qHinc
574 748 640 804 est:
792 746 830 779 1'
1275 801 1276 805 ,

344 886 347 892 ,
788 822 863 888 Nec
884 819 973 910 fota
1001 821 1167 903 vetabunt
1194 884 1197 889 .

182 899 302 974 Stare,
321 901 501 991 decemque
520 903 609 969 alios
632 904 819 971 Priamum
836 929 1011 994 superesse
1030 929 1092 993 per
1108 931 1229 974 antias.

56 1062 69 1069 ,
94 980 191 1056 Quod
214 999 289 1051 vero
310 999 384 1073 post
414 1011 535 1076 paucos
563 1009 670 1055 versus
701 992 877 1080 subjunxit,
908 1013 950 1055 oc
982 989 1127 1055 ducente
1154 993 1247 1079 cleo,¹

93 1066 198 1135 idest
227 1070 370 1148 Venere,
409 1072 582 1140 secundum
614 1098 670 1140 eos
699 1072 818 1143 dictum
849 1087 916 1158 est,
953 1074 1027 1163 qui,
1062 1086 1096 1142 ut
1126 1098 1266 1180 supraio

92 1151 246 1232 diximus,
277 1158 459 1246 utriusque
500 1180 594 1226 sexus
653 1161 920 1250 anticipationem
938 1160 1058 1226 hebere
1097 1182 1224 1230 numina

91 1235 265 1306 voluerunt.
314 1241 409 1307 Unde
437 1243 561 1312 Gallus:
644 1245 870 1334 silentemque
906 1243 1008 1310 desim
1045 1243 1224 1314 Venerem.

67 1321 172 1389 ‘ltem
199 1323 281 1392 ‚alibi
304 1327 479 1413 Virgilius:
531 1329 618 1398 Nec·
640 1329 785 1396 dextrae
818 1319 956 1394 arisati
985 1327 1069 1393 deus
1103 1327 1222 1416 osuit3

90 1429 188 1494 quum
207 1420 264 1476 ant
282 1409 368 1476 June
392 1413 500 1482 iuerat
515 1414 724 1492 aut‘illectc.
776 1415 837 1481 Est
865 1412 959 1480 etiam
980 1413 1012 1478 in
1039 1413 1149 1504 Cypro
1178 1417 1225 1481 εἱ-Δ

89 1492 266 1569 mulacrum
295 1497 449 1565 barbatae
483 1500 631 1588 virginis,
661 1498 693 1565 id
722 1509 771 1566 est
800 1499 941 1568 Veneris.
989 1497 1062 1564 Neo
1097 1500 1219 1583 mirum,
1229 1526 1262 1577 ie

89 1588 172 1655 teste
201 1580 330 1662 Servio,
367 1584 531 1674 utriusque
557 1608 651 1653 sexus
680 1585 782 1673 putari
816 1584 958 1662 numina,
999 1581 1116 1673 quippe
1132 1610 1221 1674 quae

87 1661 279 1753 incorporea
299 1678 390 1747 sunt,
411 1680 461 1743 ,et
488 1669 575 1759 quod
604 1670 710 1736 volunt
738 1693 853 1758 corpus
883 1681 920 1736 ut
940 1667 1103 1736 videantur
1130 1692 1220 1741 asena

87 1759 186 1815 munt.
222 1749 300 1840 'Nisi
317 1753 401 1819 enim
423 1775 560 1842 corpora
580 1754 748 1830 induerint,
770 1755 913 1821 humanis
935 1754 1048 1823 visibus
1065 1777 1221 1857 apparere

86 1854 151 1912 non
176 1848 319 1922 possunt.
362 1839 450 1905 Sane
469 1839 646 1907 secundum
661 1839 816 1927 politicam
833 1837 997 1906 sciendum
1015 1839 1219 1926 disciplinam,

86 1918 170 2000 nolle
192 1941 228 1984 se
248 1923 377 1988 numine
403 1922 500 1989 videri
530 1925 588 1990 nisi
618 1947 658 1990 cx
685 1924 780 1988 nimia
808 1923 1005 1990 necessitate.
1060 1925 1155 1990 Unde
1170 1940 1275 2016 ‘etam

85 2001 128 2069 de
152 2004 285 2071 Veneris
307 2007 350 2074 ibi
372 2031 412 2095 ap
437 2009 573 2076 aritiens.
602 2021 661 2095 pro
684 2009 834 2074 miraculo
854 2007 973 2079 dictum
1002 2020 1066 2076 est:
1103 2011 1218 2090 Alma

78 2109 212 2180 parens
229 2088 387 2178 confesse
404 2032 516 2158 deam.
557 2094 602 2168 Ei
617 2096 658 2160 ob
672 2095 705 2159 id
720 2093 823 2182 ipsum
848 2093 937 2159 alibi:
962 2091 1144 2241 erantque
1161 2119 1218 2162 ca-

80 2181 148 2254 put
159 2172 254 2257 jace,
271 2199 337 2243 ¹nec
358 2179 561 2265 respexeris.
603 2179 700 2253 Quod
715 2191 820 2246 autern
834 2177 950 2243 ibidem
996 2200 1074 2246 enus
1091 2183 1217 2248 Aeneae

80 2256 279 2344 promiserit,
300 2282 339 2326 se
361 2261 389 2327 ei
412 2284 567 2351 nusquam
591 2265 783 2344 abluturum,
805 2267 847 2329 ob
869 2263 932 2329 hoc
951 2264 1062 2329 lictum
1083 2263 1216 2348 videtur,
1245 2268 1248 2275 '

75 2340 190 2495 pund,
221 2356 265 2427 ut
291 2345 395 2412 Varro
429 2343 544 2429 docet,
582 2371 621 2415 ex
655 2352 719 2438 quc
744 2353 868 2415 Aeneas
896 2370 916 2414 a
944 2348 1045 2437 'l'roja
1073 2353 1257 2432 recessim

100 2447 188 2494 onec
205 2427 248 2496 ad
267 2427 462 2500 Laurentem
483 2455 597 2520 agrum
618 2435 757 2513 veniret,
787 2432 956 2500 Veneriam
986 2456 1112 2523 semper
1141 2437 1217 2506 vidit

69 2511 210 2667 ssoeugl’lli
263 2513 361 2585 Unde
391 2529 441 2586 est
457 2519 579 2589 etiam:
622 2520 739 2585 Matre
771 2518 836 2582 dea
869 2527 1084 2585 monstrante
1106 2521 1215 2595 „viram

105 2608 121 2666 t
175 2599 233 2666 ii:
501 2652 503 2656 ι
649 2602 651 2609 ⁴

105 2674 120 2733 '.
163 2682 312 2774 Jamque
324 2688 372 2776 ju
400 2689 605 2771 is'enmmoe
626 2687 792 2775 surgebat
813 2683 963 2776 Lucifer
990 2685 1096 2765 Idne3
1307 2741 1309 2745 ,

68 2765 251 2858 statimqne
283 2794 323 2840 ea
361 2710 447 2840 licta
481 2771 673 2860 retrograda
704 2771 829 2840 exinde
858 2773 887 2838 ei
921 2794 984 2837 non
1018 2772 1254 2860 comperuimus

64 2852 164 2921 unde
186 2855 309 2945 etipse
329 2881 365 2925 se
385 2855 428 2924 ad
458 2868 559 2925 terras
596 2857 706 2924 fatales
754 2857 912 2924 ervenisse
942 2857 1102 2942 cognovit.
1144 2858 1213 2938 Sed

66 2950 121 3014 ct,
143 2935 241 3021 ideo,
277 2941 480 3031 quod·bona
509 2944 577 3030 ejus
607 2882 843 3011 consteliiiticne
878 2953 1038 3030 tamquam
1068 2953 1210 3010 materno

66 3022 197 3110 ubique
216 3047 294 3094 usus
314 3027 355 3096 sit
374 3026 554 3117 praesidio,
587 3039 722 3098 matrem
752 3050 823 3095 eain
843 3024 959 3093 dixisse
982 3049 1044 3093 non
1071 3028 1211 3096 absurde
1312 3092 1315 3097 .

92 3109 181 3179 nuri
228 3125 321 3181 otest.
678 3152 682 3156 ·
768 3180 770 3184 .
818 3144 822 3155 ¹

63 3132 91 3200 p
159 3133 359 3270 diuinitus
379 3199 506 3282 Venus,
536 3220 633 3288 quum
661 3197 803 3265 Glaucus
824 3188 904 3286 ejus
920 3217 1012 3264 sacra
1032 3207 1207 3283 sperneret,
1215 3218 1266 3278 aa,
1290 3262 1296 3271 s

65 3280 221 3368 equabus
239 3274 341 3372 -eju's,
374 3285 489 3373 quibus
523 3283 570 3350 *ad
599 3305 726 3363 currum
757 3284 931 3365 utebatur,
959 3282 1098 3348 furorem
1116 3283 1209 3361 ¹irata
1238 3367 1240 3369 ι

63 3362 257 3447 immisisse,
294 3391 385 3454 cuae
401 3438 404 3447 ,
419 3393 493 3447 eum
523 3371 680 3437 morsibus
712 3369 936 3435 laceraverunt.
991 3368 1067 3431 Hoc
1100 3377 1207 3433 autern

61 3448 149 3518 ideo
173 3453 285 3520 lictum
306 3466 365 3529 est,
384 3456 460 3542 quia
476 3455 617 3522 Glaucus
639 3457 680 3521 ab
702 3455 844 3542 equabus
866 3453 959 3518 nimia
980 3450 1207 3552 concupiscen-
1229 3524 1232 3533 ,

62 3536 115 3604 tia
139 3534 303 3606 effrenatis
332 3540 498 3611 dilaniatus
527 3551 594 3617 est,
628 3546 727 3635 quum
758 3561 812 3603 eas
844 3561 863 3602 a
897 3536 982 3602 coitu
1030 3538 1206 3616 roliiberet,

64 3632 107 3690 ut
129 3635 240 3690 essent
261 3623 443 3693 velociores.
485 3625 611 3693 Dicitur
632 3625 726 3693 etiam
748 3645 822 3689 cum
843 3621 968 3688 Venere
1024 3645 1076 3696 ars
1099 3622 1247 3696 l'u'rtimtn

61 3709 304 3796 ‘concubuisse,
336 3710 423 3797 quod
449 3711 506 3779 Sol
535 3709 656 3776 videns
673 3708 815 3783 Vulcano
846 3705 994 3797 prodidit.
1046 3707 1103 3775 llle
1128 3707 1205 3803 ada·
1236 3724 1240 3730 ·

62 3794 206 3883 mantele
236 3795 357 3862 catenis
385 3819 455 3864 ecs·
471 3801 623 3862 coeuntes
652 3794 773 3898 ligans,
790 3791 864 3858 diis
894 3791 1047 3875 omnibus
1070 3794 1205 3882 turpiter

58 3879 211 3953 ostendit
226 3879 379 3970 jacentes.
404 3880 604 3955 11lat01ens
626 3902 769 3971 ,quinque
791 3877 873 3947 Solis
896 3877 993 3960 filias,
1014 3878 1228 3969 Pasiphaen,x
1310 3923 1315 3928 -

62 3963 237 4047 Medeam,
269 3963 473 4048 Phaedram,
514 3966 630 4034 Circen
664 3976 697 4033 et
729 3965 860 4053 Dircen¹
880 3963 1058 4032 detestabili
1094 3987 1204 4039 amore

62 4049 248 4118 succendit.
298 4052 385 4119 Mars
416 4052 516 4138 igitur
544 4051 710 4139 complexu
741 4049 886 4135 Veneris
901 4049 1054 4138 pollutus,
1090 4049 1201 4135 idest,
1209 4071 1243 4121 45

62 4138 165 4206 virtus
186 4135 320 4206 libidinis
338 4137 492 4209 illecebris
514 4150 682 4228 obnupta,
715 4135 783 4205 sole
801 4146 885 4223 teste
907 4147 1056 4224 apparet,
1084 4133 1121 4227 id
1142 4148 1201 4217 est,
1304 4213 1307 4216 Α
