<?xml version="1.0" encoding="UTF-8"?>
<!DOCTYPE html PUBLIC "-//W3C//DTD XHTML 1.0 Transitional//EN"
    "http://www.w3.org/TR/xhtml1/DTD/xhtml1-transitional.dtd">
<html xmlns="http://www.w3.org/1999/xhtml" xml:lang="en" lang="en">
 <head>
  <title>
</title>
<meta http-equiv="Content-Type" content="text/html;charset=utf-8" />
  <meta name='ocr-system' content='tesseract 3.04.00' />
  <meta name='ocr-capabilities' content='ocr_page ocr_carea ocr_par ocr_line ocrx_word'/>
</head>
<body>
  <div class='ocr_page' id='page_1' title='image "./scriptoresrereu01bodegoog_0250.png"; bbox 0 0 2632 4658; ppageno 0'>
   <div class='ocr_carea' id='block_1_1' title="bbox 371 130 1213 267">
    <p class='ocr_par' dir='ltr' id='par_1_1' title="bbox 243 130 1213 267">
     <span class='ocr_line' id='line_1_1' title="bbox 371 130 1213 267; baseline 0.002 -29.736"><span class='ocrx_word' id='word_1_1' title='bbox 371 144 553 263; x_wconf 63' lang='lat' dir='ltr'><strong>npr&#39;uog..</strong></span> <span class='ocrx_word' id='word_1_2' title='bbox 578 159 651 234; x_wconf 84' lang='lat'><strong>111.</strong></span> <span class='ocrx_word' id='word_1_3' title='bbox 693 158 769 237; x_wconf 76' lang='lat' dir='ltr'><strong>to.</strong></span> <span class='ocrx_word' id='word_1_4' title='bbox 807 160 863 234; x_wconf 84' lang='lat' dir='ltr'><strong>-u</strong></span> <span class='ocrx_word' id='word_1_5' title='bbox 965 144 968 148; x_wconf 80' lang='grc'><strong>’</strong></span> <span class='ocrx_word' id='word_1_6' title='bbox 1052 130 1213 267; x_wconf 79' lang='lat' dir='ltr'><strong>aar</strong></span> 
     </span>
    </p>
   </div>
   <div class='ocr_carea' id='block_1_2' title="bbox 28 334 1311 1793">
    <p class='ocr_par' dir='ltr' id='par_1_2' title="bbox 28 334 1311 1793">
     <span class='ocr_line' id='line_1_2' title="bbox 53 334 1184 436; baseline 0.002 -25"><span class='ocrx_word' id='word_1_7' title='bbox 53 341 227 412; x_wconf 82' lang='lat' dir='ltr'><strong>sBuccho</strong></span> <span class='ocrx_word' id='word_1_8' title='bbox 247 338 432 432; x_wconf 87' lang='lat' dir='ltr'><strong>postularit,</strong></span> <span class='ocrx_word' id='word_1_9' title='bbox 465 351 501 409; x_wconf 87' lang='lat' dir='ltr'><strong>ut</strong></span> <span class='ocrx_word' id='word_1_10' title='bbox 528 339 611 409; x_wconf 85' lang='lat' dir='ltr'><strong>mala</strong></span> <span class='ocrx_word' id='word_1_11' title='bbox 639 334 821 410; x_wconf 84' lang='lat' dir='ltr'><strong>desiderata</strong></span> <span class='ocrx_word' id='word_1_12' title='bbox 848 352 1021 423; x_wconf 87' lang='lat' dir='ltr'><strong>averteret,</strong></span> <span class='ocrx_word' id='word_1_13' title='bbox 1051 366 1184 436; x_wconf 87' lang='lat' dir='ltr'><strong>respon-</strong></span> 
     </span>
     <span class='ocr_line' id='line_1_3' title="bbox 54 427 1279 518; baseline 0.002 -22"><span class='ocrx_word' id='word_1_14' title='bbox 54 453 191 518; x_wconf 85' lang='lat' dir='ltr'><strong>sumque</strong></span> <span class='ocrx_word' id='word_1_15' title='bbox 209 431 268 496; x_wconf 87' lang='lat' dir='ltr'><strong>aoc</strong></span> <span class='ocrx_word' id='word_1_16' title='bbox 309 429 349 508; x_wconf 91' lang='lat' dir='ltr'><strong>it,</strong></span> <span class='ocrx_word' id='word_1_17' title='bbox 383 438 433 495; x_wconf 87' lang='lat' dir='ltr'><strong>ut-</strong></span> <span class='ocrx_word' id='word_1_18' title='bbox 450 436 543 495; x_wconf 82' lang='lat' dir='ltr'><strong>tuum</strong></span> <span class='ocrx_word' id='word_1_19' title='bbox 576 427 712 495; x_wconf 83' lang='lat' dir='ltr'><strong>Pactolo</strong></span> <span class='ocrx_word' id='word_1_20' title='bbox 736 429 832 513; x_wconf 77' lang='lat' dir='ltr'><strong>fluvio</strong></span> <span class='ocrx_word' id='word_1_21' title='bbox 853 451 890 495; x_wconf 89' lang='lat' dir='ltr'><strong>ca</strong></span> <span class='ocrx_word' id='word_1_22' title='bbox 915 440 951 497; x_wconf 90' lang='lat' dir='ltr'><strong>ut</strong></span> <span class='ocrx_word' id='word_1_23' title='bbox 981 452 1018 496; x_wconf 92' lang='lat' dir='ltr'><strong>su</strong></span> <span class='ocrx_word' id='word_1_24' title='bbox 1085 445 1184 499; x_wconf 90' lang='lat' dir='ltr'><strong>neret.</strong></span> <span class='ocrx_word' id='word_1_25' title='bbox 1275 469 1279 476; x_wconf 89' lang='lat'>·</span> 
     </span>
     <span class='ocr_line' id='line_1_4' title="bbox 54 511 1184 601; baseline -0.001 -17"><span class='ocrx_word' id='word_1_26' title='bbox 54 516 131 589; x_wconf 83' lang='lat' dir='ltr'><strong>Quo</strong></span> <span class='ocrx_word' id='word_1_27' title='bbox 153 515 258 591; x_wconf 84' lang='lat' dir='ltr'><strong>facto,</strong></span> <span class='ocrx_word' id='word_1_28' title='bbox 318 511 438 580; x_wconf 88' lang='lat' dir='ltr'><strong>actolus</strong></span> <span class='ocrx_word' id='word_1_29' title='bbox 458 534 573 579; x_wconf 88' lang='lat' dir='ltr'><strong>aureas</strong></span> <span class='ocrx_word' id='word_1_30' title='bbox 598 534 711 580; x_wconf 89' lang='lat' dir='ltr'><strong>arenas</strong></span> <span class='ocrx_word' id='word_1_31' title='bbox 731 515 846 581; x_wconf 59' lang='lat' dir='ltr'><strong>traxit*</strong></span> <span class='ocrx_word' id='word_1_32' title='bbox 922 513 1063 601; x_wconf 88' lang='lat' dir='ltr'><strong>explebii</strong></span> <span class='ocrx_word' id='word_1_33' title='bbox 1084 518 1184 583; x_wconf 91' lang='lat' dir='ltr'><strong>homi·</strong></span> 
     </span>
     <span class='ocr_line' id='line_1_5' title="bbox 55 596 1184 690; baseline 0.002 -24"><span class='ocrx_word' id='word_1_34' title='bbox 55 623 131 666; x_wconf 92' lang='lat' dir='ltr'><strong>num</strong></span> <span class='ocrx_word' id='word_1_35' title='bbox 155 598 318 690; x_wconf 78' lang='lat' dir='ltr'><strong>cupiditati</strong></span> <span class='ocrx_word' id='word_1_36' title='bbox 339 597 422 664; x_wconf 90' lang='lat' dir='ltr'><strong>hanc</strong></span> <span class='ocrx_word' id='word_1_37' title='bbox 442 596 552 664; x_wconf 92' lang='lat' dir='ltr'><strong>dicunt</strong></span> <span class='ocrx_word' id='word_1_38' title='bbox 571 596 712 683; x_wconf 84' lang='lat' dir='ltr'><strong>fabulam</strong></span> <span class='ocrx_word' id='word_1_39' title='bbox 731 598 881 666; x_wconf 78' lang='lat' dir='ltr'><strong>allusisse.</strong></span> <span class='ocrx_word' id='word_1_40' title='bbox 923 602 1081 681; x_wconf 82' lang='lat' dir='ltr'><strong>Avaritiae</strong></span> <span class='ocrx_word' id='word_1_41' title='bbox 1101 603 1184 669; x_wconf 90' lang='lat' dir='ltr'><strong>euim</strong></span> 
     </span>
     <span class='ocr_line' id='line_1_6' title="bbox 56 685 1209 790; baseline 0.003 -39"><span class='ocrx_word' id='word_1_42' title='bbox 56 685 289 763; x_wconf 81' lang='lat' dir='ltr'><strong>deservientes,</strong></span> <span class='ocrx_word' id='word_1_43' title='bbox 324 694 357 750; x_wconf 93' lang='lat' dir='ltr'><strong>et</strong></span> <span class='ocrx_word' id='word_1_44' title='bbox 377 705 503 770; x_wconf 85' lang='lat' dir='ltr'><strong>semper</strong></span> <span class='ocrx_word' id='word_1_45' title='bbox 523 704 635 759; x_wconf 83' lang='lat' dir='ltr'><strong>aurum</strong></span> <span class='ocrx_word' id='word_1_46' title='bbox 657 705 749 750; x_wconf 90' lang='lat' dir='ltr'><strong>suum</strong></span> <span class='ocrx_word' id='word_1_47' title='bbox 770 696 997 790; x_wconf 73' lang='lat' dir='ltr'><strong>augmentare,</strong></span> <span class='ocrx_word' id='word_1_48' title='bbox 1034 686 1129 753; x_wconf 88' lang='lat' dir='ltr'><strong>etde</strong></span> <span class='ocrx_word' id='word_1_49' title='bbox 1150 710 1209 758; x_wconf 83' lang='lat' dir='ltr'><strong>res</strong></span> 
     </span>
     <span class='ocr_line' id='line_1_7' title="bbox 28 767 1188 859; baseline 0.005 -25"><span class='ocrx_word' id='word_1_50' title='bbox 28 771 196 858; x_wconf 53' lang='lat' dir='ltr'><strong>Jqualibet</strong></span> <span class='ocrx_word' id='word_1_51' title='bbox 217 767 423 855; x_wconf 90' lang='lat' dir='ltr'><strong>multiplicare</strong></span> <span class='ocrx_word' id='word_1_52' title='bbox 443 767 624 856; x_wconf 90' lang='lat' dir='ltr'><strong>cupientes,</strong></span> <span class='ocrx_word' id='word_1_53' title='bbox 646 767 730 835; x_wconf 80' lang='lat' dir='ltr'><strong>fame</strong></span> <span class='ocrx_word' id='word_1_54' title='bbox 750 783 943 850; x_wconf 61' lang='lat' dir='ltr'><strong>momontum</strong></span> <span class='ocrx_word' id='word_1_55' title='bbox 974 773 1061 836; x_wconf 77' lang='lat' dir='ltr'><strong>verbi</strong></span> <span class='ocrx_word' id='word_1_56' title='bbox 1081 773 1188 859; x_wconf 80' lang='lat' dir='ltr'><strong>gratis</strong></span> 
     </span>
     <span class='ocr_line' id='line_1_8' title="bbox 55 851 1291 946; baseline 0.001 -23"><span class='ocrx_word' id='word_1_57' title='bbox 55 855 181 936; x_wconf 88' lang='lat' dir='ltr'><strong>Midas,</strong></span> <span class='ocrx_word' id='word_1_58' title='bbox 210 856 263 944; x_wconf 88' lang='lat' dir='ltr'><strong>qui</strong></span> <span class='ocrx_word' id='word_1_59' title='bbox 285 853 434 921; x_wconf 84' lang='lat' dir='ltr'><strong>avaritiae</strong></span> <span class='ocrx_word' id='word_1_60' title='bbox 453 852 597 944; x_wconf 86' lang='lat' dir='ltr'><strong>deditus,</strong></span> <span class='ocrx_word' id='word_1_61' title='bbox 629 851 705 922; x_wconf 91' lang='lat' dir='ltr'><strong>licet</strong></span> <span class='ocrx_word' id='word_1_62' title='bbox 725 853 753 920; x_wconf 89' lang='lat' dir='ltr'><strong>ei</strong></span> <span class='ocrx_word' id='word_1_63' title='bbox 776 860 887 921; x_wconf 83' lang='lat' dir='ltr'><strong>aurum</strong></span> <span class='ocrx_word' id='word_1_64' title='bbox 909 853 951 921; x_wconf 91' lang='lat' dir='ltr'><strong>ad</strong></span> <span class='ocrx_word' id='word_1_65' title='bbox 972 854 1092 923; x_wconf 88' lang='lat' dir='ltr'><strong>libitum</strong></span> <span class='ocrx_word' id='word_1_66' title='bbox 1112 879 1189 946; x_wconf 89' lang='lat' dir='ltr'><strong>sup·</strong></span> <span class='ocrx_word' id='word_1_67' title='bbox 1290 927 1291 931; x_wconf 60' lang='grc'>,</span> 
     </span>
     <span class='ocr_line' id='line_1_9' title="bbox 54 938 1189 1029; baseline 0 -22"><span class='ocrx_word' id='word_1_68' title='bbox 54 951 203 1029; x_wconf 85' lang='lat' dir='ltr'><strong>peteret,</strong></span> <span class='ocrx_word' id='word_1_69' title='bbox 236 938 361 1005; x_wconf 93' lang='lat' dir='ltr'><strong>minime</strong></span> <span class='ocrx_word' id='word_1_70' title='bbox 383 949 499 1017; x_wconf 81' lang='lat' dir='ltr'><strong>tamen</strong></span> <span class='ocrx_word' id='word_1_71' title='bbox 513 938 602 1004; x_wconf 87' lang='lat' dir='ltr'><strong>bouis</strong></span> <span class='ocrx_word' id='word_1_72' title='bbox 623 939 688 1005; x_wconf 88' lang='lat' dir='ltr'><strong>suis</strong></span> <span class='ocrx_word' id='word_1_73' title='bbox 720 940 805 1007; x_wconf 88' lang='lat' dir='ltr'><strong>vesci</strong></span> <span class='ocrx_word' id='word_1_74' title='bbox 824 939 979 1007; x_wconf 75' lang='lat' dir='ltr'><strong>sustinuit.</strong></span> <span class='ocrx_word' id='word_1_75' title='bbox 1033 940 1189 1011; x_wconf 69' lang='lat' dir='ltr'><strong>Scribitur</strong></span> 
     </span>
     <span class='ocr_line' id='line_1_10' title="bbox 56 1022 1311 1114; baseline 0.002 -23"><span class='ocrx_word' id='word_1_76' title='bbox 56 1036 166 1092; x_wconf 88' lang='lat' dir='ltr'><strong>autem</strong></span> <span class='ocrx_word' id='word_1_77' title='bbox 187 1024 220 1090; x_wconf 90' lang='lat' dir='ltr'><strong>in</strong></span> <span class='ocrx_word' id='word_1_78' title='bbox 242 1023 371 1090; x_wconf 90' lang='lat' dir='ltr'><strong>historia</strong></span> <span class='ocrx_word' id='word_1_79' title='bbox 391 1022 433 1088; x_wconf 90' lang='lat' dir='ltr'><strong>de</strong></span> <span class='ocrx_word' id='word_1_80' title='bbox 454 1047 512 1102; x_wconf 89' lang='lat' dir='ltr'><strong>eo,</strong></span> <span class='ocrx_word' id='word_1_81' title='bbox 534 1022 636 1112; x_wconf 66' lang='lat' dir='ltr'><strong>cuod</strong></span> <span class='ocrx_word' id='word_1_82' title='bbox 669 1023 801 1092; x_wconf 87' lang='lat' dir='ltr'><strong>collecta</strong></span> <span class='ocrx_word' id='word_1_83' title='bbox 825 1026 1031 1114; x_wconf 79' lang='lat' dir='ltr'><strong>pecuniarum</strong></span> <span class='ocrx_word' id='word_1_84' title='bbox 1058 1030 1190 1095; x_wconf 81' lang='lat' dir='ltr'><strong>&#39;suarum</strong></span> <span class='ocrx_word' id='word_1_85' title='bbox 1308 1106 1311 1113; x_wconf 25' lang='grc' dir='ltr'><strong><em>Ι</em></strong></span> 
     </span>
     <span class='ocr_line' id='line_1_11' title="bbox 56 1107 1231 1196; baseline -0.001 -17"><span class='ocrx_word' id='word_1_86' title='bbox 56 1133 198 1187; x_wconf 86' lang='lat' dir='ltr'><strong>summa,</strong></span> <span class='ocrx_word' id='word_1_87' title='bbox 229 1109 399 1176; x_wconf 80' lang='lat' dir='ltr'><strong>Pactolum</strong></span> <span class='ocrx_word' id='word_1_88' title='bbox 418 1110 567 1190; x_wconf 87' lang='lat' dir='ltr'><strong>fluvium,</strong></span> <span class='ocrx_word' id='word_1_89' title='bbox 597 1107 653 1196; x_wconf 88' lang='lat' dir='ltr'><strong>qui</strong></span> <span class='ocrx_word' id='word_1_90' title='bbox 694 1131 731 1176; x_wconf 88' lang='lat' dir='ltr'><strong>cr</strong></span> <span class='ocrx_word' id='word_1_91' title='bbox 750 1112 849 1179; x_wconf 87' lang='lat' dir='ltr'><strong>uuum</strong></span> <span class='ocrx_word' id='word_1_92' title='bbox 873 1121 993 1177; x_wconf 88' lang='lat' dir='ltr'><strong>tantum</strong></span> <span class='ocrx_word' id='word_1_93' title='bbox 1015 1110 1138 1177; x_wconf 89' lang='lat' dir='ltr'><strong>alveum</strong></span> <span class='ocrx_word' id='word_1_94' title='bbox 1157 1114 1231 1186; x_wconf 82' lang='lat' dir='ltr'><strong>inro</strong></span> 
     </span>
     <span class='ocr_line' id='line_1_12' title="bbox 57 1131 1191 1283; baseline 0.003 -21"><span class='ocrx_word' id='word_1_95' title='bbox 57 1218 150 1263; x_wconf 85' lang='lat' dir='ltr'><strong>mare</strong></span> <span class='ocrx_word' id='word_1_96' title='bbox 171 1195 383 1273; x_wconf 85' lang='lat' dir='ltr'><strong>decurrebat,</strong></span> <span class='ocrx_word' id='word_1_97' title='bbox 414 1217 474 1283; x_wconf 93' lang='lat' dir='ltr'><strong>per</strong></span> <span class='ocrx_word' id='word_1_98' title='bbox 502 1131 746 1263; x_wconf 68' lang='lat' dir='ltr'><strong>innumeradiles</strong></span> <span class='ocrx_word' id='word_1_99' title='bbox 774 1207 898 1265; x_wconf 89' lang='lat' dir='ltr'><strong>meatus</strong></span> <span class='ocrx_word' id='word_1_100' title='bbox 927 1194 968 1261; x_wconf 90' lang='lat' dir='ltr'><strong>ad</strong></span> <span class='ocrx_word' id='word_1_101' title='bbox 995 1194 1191 1283; x_wconf 85' lang='lat' dir='ltr'><strong>irrigandam</strong></span> 
     </span>
     <span class='ocr_line' id='line_1_13' title="bbox 56 1279 1192 1384; baseline 0.004 -39"><span class='ocrx_word' id='word_1_102' title='bbox 56 1281 252 1369; x_wconf 86' lang='lat' dir='ltr'><strong>provinciam</strong></span> <span class='ocrx_word' id='word_1_103' title='bbox 281 1279 483 1357; x_wconf 87' lang='lat' dir='ltr'><strong>derivaverit,</strong></span> <span class='ocrx_word' id='word_1_104' title='bbox 514 1279 625 1366; x_wconf 81' lang='lat' dir='ltr'><strong>sicque</strong></span> <span class='ocrx_word' id='word_1_105' title='bbox 654 1302 713 1348; x_wconf 86' lang='lat' dir='ltr'><strong>sua</strong></span> <span class='ocrx_word' id='word_1_106' title='bbox 741 1302 879 1384; x_wconf 83' lang='lat' dir='ltr'><strong>expensa</strong></span> <span class='ocrx_word' id='word_1_107' title='bbox 906 1280 1043 1369; x_wconf 73' lang='lat' dir='ltr'><strong>pecunie</strong></span> <span class='ocrx_word' id='word_1_108' title='bbox 1062 1282 1192 1350; x_wconf 87' lang='lat' dir='ltr'><strong>fluvium</strong></span> 
     </span>
     <span class='ocr_line' id='line_1_14' title="bbox 57 1363 1191 1446; baseline 0.001 -14"><span class='ocrx_word' id='word_1_109' title='bbox 57 1365 213 1433; x_wconf 83' lang='lat' dir='ltr'><strong>fertilem·</strong></span> <span class='ocrx_word' id='word_1_110' title='bbox 233 1363 416 1431; x_wconf 87' lang='lat' dir='ltr'><strong>reddiderit.</strong></span> <span class='ocrx_word' id='word_1_111' title='bbox 473 1364 548 1439; x_wconf 81' lang='lat' dir='ltr'><strong>Qua</strong></span> <span class='ocrx_word' id='word_1_112' title='bbox 585 1364 616 1428; x_wconf 95' lang='lat' dir='ltr'><strong>in</strong></span> <span class='ocrx_word' id='word_1_113' title='bbox 652 1386 689 1431; x_wconf 89' lang='lat' dir='ltr'><strong>re</strong></span> <span class='ocrx_word' id='word_1_114' title='bbox 755 1387 807 1433; x_wconf 87' lang='lat' dir='ltr'><strong>ura</strong></span> <span class='ocrx_word' id='word_1_115' title='bbox 839 1387 970 1433; x_wconf 89' lang='lat' dir='ltr'><strong>censum</strong></span> <span class='ocrx_word' id='word_1_116' title='bbox 1006 1368 1191 1446; x_wconf 88' lang='lat' dir='ltr'><strong>consumsit,</strong></span> 
     </span>
     <span class='ocr_line' id='line_1_15' title="bbox 61 1448 1191 1540; baseline 0.004 -23"><span class='ocrx_word' id='word_1_117' title='bbox 61 1464 160 1538; x_wconf 90' lang='lat' dir='ltr'><strong>caput</strong></span> <span class='ocrx_word' id='word_1_118' title='bbox 190 1450 286 1517; x_wconf 89' lang='lat' dir='ltr'><strong>fluvio</strong></span> <span class='ocrx_word' id='word_1_119' title='bbox 316 1449 431 1515; x_wconf 85' lang='lat' dir='ltr'><strong>dieitur</strong></span> <span class='ocrx_word' id='word_1_120' title='bbox 470 1448 684 1537; x_wconf 87' lang='lat' dir='ltr'><strong>supposuisse.</strong></span> <span class='ocrx_word' id='word_1_121' title='bbox 774 1449 875 1533; x_wconf 86' lang='lat' dir='ltr'><strong>luvius</strong></span> <span class='ocrx_word' id='word_1_122' title='bbox 915 1472 1044 1540; x_wconf 89' lang='lat' dir='ltr'><strong>quoque</strong></span> <span class='ocrx_word' id='word_1_123' title='bbox 1077 1473 1191 1521; x_wconf 82' lang='lat' dir='ltr'><strong>aureas</strong></span> 
     </span>
     <span class='ocr_line' id='line_1_16' title="bbox 59 1532 1298 1625; baseline 0.005 -23"><span class='ocrx_word' id='word_1_124' title='bbox 59 1558 176 1602; x_wconf 86' lang='lat' dir='ltr'><strong>arenas</strong></span> <span class='ocrx_word' id='word_1_125' title='bbox 198 1537 331 1602; x_wconf 83' lang='lat' dir='ltr'><strong>traxisse</strong></span> <span class='ocrx_word' id='word_1_126' title='bbox 351 1532 490 1611; x_wconf 85' lang='lat' dir='ltr'><strong>dicitur,</strong></span> <span class='ocrx_word' id='word_1_127' title='bbox 523 1533 611 1621; x_wconf 91' lang='lat' dir='ltr'><strong>quod</strong></span> <span class='ocrx_word' id='word_1_128' title='bbox 641 1534 778 1623; x_wconf 79' lang='lat' dir='ltr'><strong>frugifer</strong></span> <span class='ocrx_word' id='word_1_129' title='bbox 808 1534 912 1605; x_wconf 84' lang='lat' dir='ltr'><strong>factus</strong></span> <span class='ocrx_word' id='word_1_130' title='bbox 932 1548 991 1604; x_wconf 89' lang='lat' dir='ltr'><strong>est.</strong></span> <span class='ocrx_word' id='word_1_131' title='bbox 1034 1535 1233 1625; x_wconf 81' lang='lat' dir='ltr'><strong>Denique,tt</strong></span> <span class='ocrx_word' id='word_1_132' title='bbox 1295 1613 1298 1623; x_wconf 56' lang='grc'><strong>,</strong></span> 
     </span>
     <span class='ocr_line' id='line_1_17' title="bbox 59 1617 1194 1711; baseline 0.002 -22"><span class='ocrx_word' id='word_1_133' title='bbox 59 1634 98 1689; x_wconf 91' lang='lat' dir='ltr'><strong>ut</strong></span> <span class='ocrx_word' id='word_1_134' title='bbox 122 1620 272 1701; x_wconf 83' lang='lat' dir='ltr'><strong>diximus,</strong></span> <span class='ocrx_word' id='word_1_135' title='bbox 300 1618 420 1699; x_wconf 88' lang='lat' dir='ltr'><strong>Midas,</strong></span> <span class='ocrx_word' id='word_1_136' title='bbox 446 1617 486 1686; x_wconf 77' lang='lat' dir='ltr'><strong>‘id</strong></span> <span class='ocrx_word' id='word_1_137' title='bbox 506 1632 556 1686; x_wconf 90' lang='lat' dir='ltr'><strong>est</strong></span> <span class='ocrx_word' id='word_1_138' title='bbox 577 1618 653 1684; x_wconf 93' lang='lat' dir='ltr'><strong>uihil</strong></span> <span class='ocrx_word' id='word_1_139' title='bbox 673 1621 777 1687; x_wconf 89' lang='lat' dir='ltr'><strong>sciens</strong></span> <span class='ocrx_word' id='word_1_140' title='bbox 799 1619 903 1689; x_wconf 90' lang='lat' dir='ltr'><strong>dictus</strong></span> <span class='ocrx_word' id='word_1_141' title='bbox 925 1633 990 1702; x_wconf 83' lang='lat' dir='ltr'><strong>est,</strong></span> <span class='ocrx_word' id='word_1_142' title='bbox 1010 1620 1098 1711; x_wconf 78' lang='lat' dir='ltr'><strong>quod</strong></span> <span class='ocrx_word' id='word_1_143' title='bbox 1120 1645 1194 1691; x_wconf 83' lang='lat' dir='ltr'><strong>ava·</strong></span> 
     </span>
     <span class='ocr_line' id='line_1_18' title="bbox 59 1696 966 1793; baseline 0.002 -20"><span class='ocrx_word' id='word_1_144' title='bbox 59 1729 118 1773; x_wconf 92' lang='lat' dir='ltr'><strong>rus</strong></span> <span class='ocrx_word' id='word_1_145' title='bbox 131 1704 222 1771; x_wconf 80' lang='lat' dir='ltr'><strong>&#39;adeo</strong></span> <span class='ocrx_word' id='word_1_146' title='bbox 250 1696 362 1774; x_wconf 89' lang='lat' dir='ltr'><strong>stultus</strong></span> <span class='ocrx_word' id='word_1_147' title='bbox 384 1714 449 1786; x_wconf 87' lang='lat' dir='ltr'><strong>est,</strong></span> <span class='ocrx_word' id='word_1_148' title='bbox 480 1715 517 1771; x_wconf 92' lang='lat' dir='ltr'><strong>ut</strong></span> <span class='ocrx_word' id='word_1_149' title='bbox 536 1702 595 1771; x_wconf 85' lang='lat' dir='ltr'><strong>sibi</strong></span> <span class='ocrx_word' id='word_1_150' title='bbox 614 1703 853 1793; x_wconf 83' lang='lat' dir='ltr'><strong>prodessenon</strong></span> <span class='ocrx_word' id='word_1_151' title='bbox 874 1705 966 1775; x_wconf 81' lang='lat' dir='ltr'><strong>norit.</strong></span> 
     </span>
    </p>
   </div>
   <div class='ocr_carea' id='block_1_3' title="bbox 10 1857 1295 3997">
    <p class='ocr_par' dir='ltr' id='par_1_3' title="bbox 10 1857 1295 3997">
     <span class='ocr_line' id='line_1_19' title="bbox 147 1857 1252 1959; baseline 0.006 -22.314"><span class='ocrx_word' id='word_1_152' title='bbox 147 1872 179 1936; x_wconf 87' lang='grc'><strong>9.</strong></span> <span class='ocrx_word' id='word_1_153' title='bbox 219 1871 293 1959; x_wconf 90' lang='lat' dir='ltr'><strong>Ope</strong></span> <span class='ocrx_word' id='word_1_154' title='bbox 311 1869 475 1938; x_wconf 89' lang='lat' dir='ltr'><strong>Minervae</strong></span> <span class='ocrx_word' id='word_1_155' title='bbox 494 1867 707 1937; x_wconf 82' lang='lat' dir='ltr'><strong>Prometheus</strong></span> <span class='ocrx_word' id='word_1_156' title='bbox 739 1892 814 1937; x_wconf 88' lang='lat' dir='ltr'><strong>usus</strong></span> <span class='ocrx_word' id='word_1_157' title='bbox 842 1881 923 1952; x_wconf 79' lang='lat' dir='ltr'><strong>est,¹</strong></span> <span class='ocrx_word' id='word_1_158' title='bbox 943 1870 986 1938; x_wconf 93' lang='lat' dir='ltr'><strong>de</strong></span> <span class='ocrx_word' id='word_1_159' title='bbox 1016 1894 1081 1958; x_wconf 83' lang='lat' dir='ltr'><strong>quo</strong></span> <span class='ocrx_word' id='word_1_160' title='bbox 1113 1857 1198 1939; x_wconf 89' lang='lat' dir='ltr'><strong>hanc</strong></span> <span class='ocrx_word' id='word_1_161' title='bbox 1250 1938 1252 1943; x_wconf 24' lang='lat'><strong>⁴</strong></span> 
     </span>
     <span class='ocr_line' id='line_1_20' title="bbox 62 1953 1193 2042; baseline 0.003 -22"><span class='ocrx_word' id='word_1_162' title='bbox 62 1953 203 2023; x_wconf 82' lang='lat' dir='ltr'><strong>fabulam</strong></span> <span class='ocrx_word' id='word_1_163' title='bbox 238 1957 459 2042; x_wconf 60' lang='lat' dir='ltr'><strong>confingunt«</strong></span> <span class='ocrx_word' id='word_1_164' title='bbox 492 1955 705 2021; x_wconf 88' lang='lat' dir='ltr'><strong>Prometheus</strong></span> <span class='ocrx_word' id='word_1_165' title='bbox 739 1956 897 2023; x_wconf 86' lang='lat' dir='ltr'><strong>hominem</strong></span> <span class='ocrx_word' id='word_1_166' title='bbox 934 1979 973 2022; x_wconf 84' lang='lat' dir='ltr'><strong>ex</strong></span> <span class='ocrx_word' id='word_1_167' title='bbox 1010 1954 1077 2024; x_wconf 91' lang='lat' dir='ltr'><strong>luto</strong></span> <span class='ocrx_word' id='word_1_168' title='bbox 1107 1957 1193 2037; x_wconf 83' lang='lat' dir='ltr'><strong>fecit,</strong></span> 
     </span>
     <span class='ocr_line' id='line_1_21' title="bbox 61 2039 1238 2130; baseline 0.004 -24"><span class='ocrx_word' id='word_1_169' title='bbox 61 2063 203 2128; x_wconf 83' lang='lat' dir='ltr'><strong>eumque</strong></span> <span class='ocrx_word' id='word_1_170' title='bbox 223 2040 427 2111; x_wconf 82' lang='lat' dir='ltr'><strong>inanimatum</strong></span> <span class='ocrx_word' id='word_1_171' title='bbox 459 2049 557 2128; x_wconf 89' lang='lat' dir='ltr'><strong>atque</strong></span> <span class='ocrx_word' id='word_1_172' title='bbox 589 2039 797 2115; x_wconf 85' lang='lat' dir='ltr'><strong>insensibilem</strong></span> <span class='ocrx_word' id='word_1_173' title='bbox 830 2041 927 2107; x_wconf 85' lang='lat' dir='ltr'><strong>finxit.</strong></span> <span class='ocrx_word' id='word_1_174' title='bbox 981 2040 1083 2130; x_wconf 82' lang='lat' dir='ltr'><strong>Cujus</strong></span> <span class='ocrx_word' id='word_1_175' title='bbox 1113 2060 1238 2129; x_wconf 75' lang='lat' dir='ltr'><strong>upusat</strong></span> 
     </span>
     <span class='ocr_line' id='line_1_22' title="bbox 60 2125 1230 2214; baseline 0.001 -21"><span class='ocrx_word' id='word_1_176' title='bbox 60 2126 205 2193; x_wconf 87' lang='lat' dir='ltr'><strong>Minerva</strong></span> <span class='ocrx_word' id='word_1_177' title='bbox 225 2127 369 2207; x_wconf 51' lang='lat' dir='ltr'><strong>mirata,</strong></span> <span class='ocrx_word' id='word_1_178' title='bbox 394 2125 565 2214; x_wconf 88' lang='lat' dir='ltr'><strong>spopondit</strong></span> <span class='ocrx_word' id='word_1_179' title='bbox 592 2125 621 2189; x_wconf 89' lang='lat' dir='ltr'><strong>ei</strong></span> <span class='ocrx_word' id='word_1_180' title='bbox 651 2125 724 2213; x_wconf 92' lang='lat' dir='ltr'><strong>quic</strong></span> <span class='ocrx_word' id='word_1_181' title='bbox 746 2125 801 2193; x_wconf 92' lang='lat' dir='ltr'><strong>uid</strong></span> <span class='ocrx_word' id='word_1_182' title='bbox 823 2125 913 2193; x_wconf 89' lang='lat' dir='ltr'><strong>vellet</strong></span> <span class='ocrx_word' id='word_1_183' title='bbox 945 2125 988 2193; x_wconf 92' lang='lat' dir='ltr'><strong>de</strong></span> <span class='ocrx_word' id='word_1_184' title='bbox 1009 2126 1100 2192; x_wconf 91' lang='lat' dir='ltr'><strong>donis</strong></span> <span class='ocrx_word' id='word_1_185' title='bbox 1122 2148 1197 2213; x_wconf 77' lang='lat' dir='ltr'><strong>cue·</strong></span> <span class='ocrx_word' id='word_1_186' title='bbox 1226 2182 1230 2213; x_wconf 79' lang='grc'>,</span> 
     </span>
     <span class='ocr_line' id='line_1_23' title="bbox 61 2209 1197 2301; baseline 0.002 -25"><span class='ocrx_word' id='word_1_187' title='bbox 61 2209 194 2279; x_wconf 79' lang='lat' dir='ltr'><strong>lectibus</strong></span> <span class='ocrx_word' id='word_1_188' title='bbox 218 2210 258 2275; x_wconf 93' lang='lat' dir='ltr'><strong>ad</strong></span> <span class='ocrx_word' id='word_1_189' title='bbox 280 2234 360 2299; x_wconf 90' lang='lat' dir='ltr'><strong>opus</strong></span> <span class='ocrx_word' id='word_1_190' title='bbox 382 2234 476 2278; x_wconf 87' lang='lat' dir='ltr'><strong>auum</strong></span> <span class='ocrx_word' id='word_1_191' title='bbox 490 2209 676 2301; x_wconf 90' lang='lat' dir='ltr'><strong>juvandum.</strong></span> <span class='ocrx_word' id='word_1_192' title='bbox 761 2234 780 2278; x_wconf 88' lang='lat' dir='ltr'><strong>e</strong></span> <span class='ocrx_word' id='word_1_193' title='bbox 810 2234 846 2277; x_wconf 90' lang='lat' dir='ltr'><strong>se</strong></span> <span class='ocrx_word' id='word_1_194' title='bbox 872 2211 1000 2279; x_wconf 90' lang='lat' dir='ltr'><strong>minime</strong></span> <span class='ocrx_word' id='word_1_195' title='bbox 1027 2213 1110 2285; x_wconf 79' lang='lat' dir='ltr'><strong>scire</strong></span> <span class='ocrx_word' id='word_1_196' title='bbox 1141 2211 1197 2288; x_wconf 89' lang='lat' dir='ltr'><strong>ait,</strong></span> 
     </span>
     <span class='ocr_line' id='line_1_24' title="bbox 62 2295 1199 2384; baseline 0.001 -22"><span class='ocrx_word' id='word_1_197' title='bbox 62 2319 149 2384; x_wconf 85' lang='lat' dir='ltr'><strong>quae</strong></span> <span class='ocrx_word' id='word_1_198' title='bbox 170 2299 253 2362; x_wconf 83' lang='lat' dir='ltr'><strong>bona</strong></span> <span class='ocrx_word' id='word_1_199' title='bbox 274 2297 305 2361; x_wconf 95' lang='lat' dir='ltr'><strong>in</strong></span> <span class='ocrx_word' id='word_1_200' title='bbox 331 2297 520 2363; x_wconf 87' lang='lat' dir='ltr'><strong>caelestibus</strong></span> <span class='ocrx_word' id='word_1_201' title='bbox 541 2296 751 2379; x_wconf 88' lang='lat' dir='ltr'><strong>haberentur;</strong></span> <span class='ocrx_word' id='word_1_202' title='bbox 786 2295 844 2363; x_wconf 92' lang='lat' dir='ltr'><strong>sed</strong></span> <span class='ocrx_word' id='word_1_203' title='bbox 866 2295 892 2361; x_wconf 91' lang='lat' dir='ltr'><strong>si</strong></span> <span class='ocrx_word' id='word_1_204' title='bbox 910 2298 980 2362; x_wconf 88' lang='lat' dir='ltr'><strong>fieri</strong></span> <span class='ocrx_word' id='word_1_205' title='bbox 1000 2307 1127 2384; x_wconf 88' lang='lat' dir='ltr'><strong>posset,</strong></span> <span class='ocrx_word' id='word_1_206' title='bbox 1160 2307 1199 2363; x_wconf 91' lang='lat' dir='ltr'><strong>ut</strong></span> 
     </span>
     <span class='ocr_line' id='line_1_25' title="bbox 63 2379 1197 2471; baseline -0.002 -24"><span class='ocrx_word' id='word_1_207' title='bbox 63 2400 101 2447; x_wconf 86' lang='lat' dir='ltr'><strong>se</strong></span> <span class='ocrx_word' id='word_1_208' title='bbox 122 2403 224 2467; x_wconf 88' lang='lat' dir='ltr'><strong>usque</strong></span> <span class='ocrx_word' id='word_1_209' title='bbox 246 2380 286 2446; x_wconf 90' lang='lat' dir='ltr'><strong>ad</strong></span> <span class='ocrx_word' id='word_1_210' title='bbox 304 2403 436 2471; x_wconf 91' lang='lat' dir='ltr'><strong>superos</strong></span> <span class='ocrx_word' id='word_1_211' title='bbox 461 2381 614 2459; x_wconf 90' lang='lat' dir='ltr'><strong>elevaret,</strong></span> <span class='ocrx_word' id='word_1_212' title='bbox 637 2379 743 2469; x_wconf 88' lang='lat' dir='ltr'><strong>petiit,</strong></span> <span class='ocrx_word' id='word_1_213' title='bbox 776 2392 812 2447; x_wconf 93' lang='lat' dir='ltr'><strong>ut</strong></span> <span class='ocrx_word' id='word_1_214' title='bbox 833 2381 909 2470; x_wconf 85' lang='lat' dir='ltr'><strong>quid</strong></span> <span class='ocrx_word' id='word_1_215' title='bbox 931 2404 989 2448; x_wconf 92' lang='lat' dir='ltr'><strong>suo</strong></span> <span class='ocrx_word' id='word_1_216' title='bbox 1010 2382 1100 2470; x_wconf 91' lang='lat' dir='ltr'><strong>operi</strong></span> <span class='ocrx_word' id='word_1_217' title='bbox 1120 2402 1197 2446; x_wconf 91' lang='lat' dir='ltr'><strong>con-</strong></span> 
     </span>
     <span class='ocr_line' id='line_1_26' title="bbox 62 2463 1238 2566; baseline 0.004 -37"><span class='ocrx_word' id='word_1_218' title='bbox 62 2476 217 2553; x_wconf 82' lang='lat' dir='ltr'><strong>grueret,</strong></span> <span class='ocrx_word' id='word_1_219' title='bbox 246 2467 315 2553; x_wconf 88' lang='lat' dir='ltr'><strong>ipse</strong></span> <span class='ocrx_word' id='word_1_220' title='bbox 332 2477 493 2552; x_wconf 71' lang='lat' dir='ltr'><strong>⁴cerneret</strong></span> <span class='ocrx_word' id='word_1_221' title='bbox 519 2477 553 2531; x_wconf 92' lang='lat' dir='ltr'><strong>et</strong></span> <span class='ocrx_word' id='word_1_222' title='bbox 584 2464 725 2566; x_wconf 75' lang='lat' dir='ltr'><strong>eligeret.</strong></span> <span class='ocrx_word' id='word_1_223' title='bbox 778 2463 835 2532; x_wconf 93' lang='lat' dir='ltr'><strong>Illa</strong></span> <span class='ocrx_word' id='word_1_224' title='bbox 863 2487 943 2553; x_wconf 83' lang='lat' dir='ltr'><strong>ergo</strong></span> <span class='ocrx_word' id='word_1_225' title='bbox 977 2488 1050 2532; x_wconf 90' lang='lat' dir='ltr'><strong>eum</strong></span> <span class='ocrx_word' id='word_1_226' title='bbox 1083 2465 1238 2554; x_wconf 74' lang='lat' dir='ltr'><strong>clypeoat</strong></span> 
     </span>
     <span class='ocr_line' id='line_1_27' title="bbox 63 2548 1232 2645; baseline 0 -28"><span class='ocrx_word' id='word_1_227' title='bbox 63 2573 125 2617; x_wconf 87' lang='lat' dir='ltr'><strong>suo</strong></span> <span class='ocrx_word' id='word_1_228' title='bbox 146 2550 324 2637; x_wconf 89' lang='lat' dir='ltr'><strong>impositum</strong></span> <span class='ocrx_word' id='word_1_229' title='bbox 334 2551 520 2645; x_wconf 27' lang='lat' dir='ltr'><strong>¹:inpcaelum</strong></span> <span class='ocrx_word' id='word_1_230' title='bbox 543 2550 661 2617; x_wconf 90' lang='lat' dir='ltr'><strong>detuht.</strong></span> <span class='ocrx_word' id='word_1_231' title='bbox 714 2548 781 2617; x_wconf 86' lang='lat' dir='ltr'><strong>Ilhc</strong></span> <span class='ocrx_word' id='word_1_232' title='bbox 804 2572 901 2639; x_wconf 91' lang='lat' dir='ltr'><strong>quum</strong></span> <span class='ocrx_word' id='word_1_233' title='bbox 922 2550 1043 2618; x_wconf 85' lang='lat' dir='ltr'><strong>videret</strong></span> <span class='ocrx_word' id='word_1_234' title='bbox 1061 2573 1199 2638; x_wconf 86' lang='lat' dir='ltr'><strong>corpora</strong></span> <span class='ocrx_word' id='word_1_235' title='bbox 1230 2594 1232 2597; x_wconf 95' lang='lat'>-</span> 
     </span>
     <span class='ocr_line' id='line_1_28' title="bbox 65 2632 1264 2725; baseline 0 -22"><span class='ocrx_word' id='word_1_236' title='bbox 65 2635 218 2703; x_wconf 89' lang='lat' dir='ltr'><strong>caelestia</strong></span> <span class='ocrx_word' id='word_1_237' title='bbox 253 2632 420 2722; x_wconf 71' lang='lat' dir='ltr'><strong>flammatis</strong></span> <span class='ocrx_word' id='word_1_238' title='bbox 446 2637 582 2702; x_wconf 86' lang='lat' dir='ltr'><strong>animata</strong></span> <span class='ocrx_word' id='word_1_239' title='bbox 613 2637 755 2723; x_wconf 84' lang='lat' dir='ltr'><strong>vegetari</strong></span> <span class='ocrx_word' id='word_1_240' title='bbox 792 2637 979 2725; x_wconf 85' lang='lat' dir='ltr'><strong>vaporibus,</strong></span> <span class='ocrx_word' id='word_1_241' title='bbox 1022 2635 1206 2703; x_wconf 87' lang='lat' dir='ltr'><strong>clanculum</strong></span> <span class='ocrx_word' id='word_1_242' title='bbox 1259 2684 1264 2695; x_wconf 82' lang='lat'><em>,</em></span> 
     </span>
     <span class='ocr_line' id='line_1_29' title="bbox 65 2712 1198 2812; baseline 0.001 -25"><span class='ocrx_word' id='word_1_243' title='bbox 65 2720 201 2787; x_wconf 81' lang='lat' dir='ltr'><strong>ferulam</strong></span> <span class='ocrx_word' id='word_1_244' title='bbox 232 2731 321 2786; x_wconf 84' lang='lat' dir='ltr'><strong>rotae</strong></span> <span class='ocrx_word' id='word_1_245' title='bbox 347 2712 473 2789; x_wconf 86' lang='lat' dir='ltr'><strong>Phoebi</strong></span> <span class='ocrx_word' id='word_1_246' title='bbox 502 2720 682 2812; x_wconf 87' lang='lat' dir='ltr'><strong>applicans,</strong></span> <span class='ocrx_word' id='word_1_247' title='bbox 714 2721 822 2808; x_wconf 85' lang='lat' dir='ltr'><strong>iguem</strong></span> <span class='ocrx_word' id='word_1_248' title='bbox 855 2720 977 2789; x_wconf 82' lang='lat' dir='ltr'><strong>furatus</strong></span> <span class='ocrx_word' id='word_1_249' title='bbox 1005 2730 1070 2804; x_wconf 90' lang='lat' dir='ltr'><strong>est,</strong></span> <span class='ocrx_word' id='word_1_250' title='bbox 1124 2724 1198 2788; x_wconf 91' lang='lat' dir='ltr'><strong>uem</strong></span> 
     </span>
     <span class='ocr_line' id='line_1_30' title="bbox 63 2803 1199 2895; baseline 0 -24"><span class='ocrx_word' id='word_1_251' title='bbox 63 2807 190 2895; x_wconf 90' lang='lat' dir='ltr'><strong>pectori</strong></span> <span class='ocrx_word' id='word_1_252' title='bbox 211 2805 371 2894; x_wconf 89' lang='lat' dir='ltr'><strong>applicans</strong></span> <span class='ocrx_word' id='word_1_253' title='bbox 390 2807 541 2887; x_wconf 90' lang='lat' dir='ltr'><strong>hominis,</strong></span> <span class='ocrx_word' id='word_1_254' title='bbox 572 2807 741 2873; x_wconf 82' lang='lat' dir='ltr'><strong>animatum</strong></span> <span class='ocrx_word' id='word_1_255' title='bbox 765 2803 904 2873; x_wconf 91' lang='lat' dir='ltr'><strong>reddidit</strong></span> <span class='ocrx_word' id='word_1_256' title='bbox 924 2829 1049 2894; x_wconf 90' lang='lat' dir='ltr'><strong>corpus.</strong></span> <span class='ocrx_word' id='word_1_257' title='bbox 1133 2807 1199 2872; x_wconf 86' lang='lat' dir='ltr'><strong>eni·</strong></span> 
     </span>
     <span class='ocr_line' id='line_1_31' title="bbox 10 2889 1242 2979; baseline 0.002 -22"><span class='ocrx_word' id='word_1_258' title='bbox 10 2894 19 2957; x_wconf 71' lang='grc' dir='ltr'><strong>’ᾖ</strong></span> <span class='ocrx_word' id='word_1_259' title='bbox 90 2912 132 2957; x_wconf 90' lang='lat' dir='ltr'><strong>ue</strong></span> <span class='ocrx_word' id='word_1_260' title='bbox 153 2889 284 2977; x_wconf 80' lang='lat' dir='ltr'><strong>ligatum</strong></span> <span class='ocrx_word' id='word_1_261' title='bbox 313 2900 392 2959; x_wconf 83' lang='lat' dir='ltr'><strong>eum</strong></span> <span class='ocrx_word' id='word_1_262' title='bbox 423 2892 528 2959; x_wconf 86' lang='lat' dir='ltr'><strong>ferunt</strong></span> <span class='ocrx_word' id='word_1_263' title='bbox 560 2890 675 2957; x_wconf 86' lang='lat' dir='ltr'><strong>vulturi</strong></span> <span class='ocrx_word' id='word_1_264' title='bbox 694 2890 790 2979; x_wconf 89' lang='lat' dir='ltr'><strong>jecur</strong></span> <span class='ocrx_word' id='word_1_265' title='bbox 816 2913 957 2979; x_wconf 87' lang='lat' dir='ltr'><strong>perenne</strong></span> <span class='ocrx_word' id='word_1_266' title='bbox 984 2891 1242 2978; x_wconf 79' lang='lat' dir='ltr'><strong>praebentemto</strong></span> 
     </span>
     <span class='ocr_line' id='line_1_32' title="bbox 102 2975 1201 3061; baseline 0.001 -19"><span class='ocrx_word' id='word_1_267' title='bbox 102 2976 184 3061; x_wconf 77' lang='lat' dir='ltr'><strong>elert</strong></span> <span class='ocrx_word' id='word_1_268' title='bbox 202 2975 283 3042; x_wconf 89' lang='lat' dir='ltr'><strong>Nica</strong></span> <span class='ocrx_word' id='word_1_269' title='bbox 311 2999 394 3057; x_wconf 87' lang='lat' dir='ltr'><strong>ores,</strong></span> <span class='ocrx_word' id='word_1_270' title='bbox 416 2987 449 3043; x_wconf 90' lang='lat' dir='ltr'><strong>et</strong></span> <span class='ocrx_word' id='word_1_271' title='bbox 468 2985 603 3043; x_wconf 86' lang='lat' dir='ltr'><strong>testetur</strong></span> <span class='ocrx_word' id='word_1_272' title='bbox 621 2975 795 3042; x_wconf 90' lang='lat' dir='ltr'><strong>Petronius</strong></span> <span class='ocrx_word' id='word_1_273' title='bbox 815 2978 950 3057; x_wconf 79' lang='lat' dir='ltr'><strong>Arbiter,</strong></span> <span class='ocrx_word' id='word_1_274' title='bbox 971 2977 1201 3058; x_wconf 82' lang='lat' dir='ltr'><strong>Prometheum</strong></span> 
     </span>
     <span class='ocr_line' id='line_1_33' title="bbox 63 2997 1200 3163; baseline 0 -36"><span class='ocrx_word' id='word_1_275' title='bbox 63 3061 205 3163; x_wconf 82' lang='lat' dir='ltr'><strong>primupr</strong></span> <span class='ocrx_word' id='word_1_276' title='bbox 238 2997 358 3128; x_wconf 67' lang='lat' dir='ltr'><strong>idolum</strong></span> <span class='ocrx_word' id='word_1_277' title='bbox 385 3061 558 3147; x_wconf 64' lang='lat' dir='ltr'><strong>formatae,</strong></span> <span class='ocrx_word' id='word_1_278' title='bbox 595 3059 773 3148; x_wconf 87' lang='lat' dir='ltr'><strong>vulturique</strong></span> <span class='ocrx_word' id='word_1_279' title='bbox 798 3057 889 3146; x_wconf 79' lang='lat' dir='ltr'><strong>jecur</strong></span> <span class='ocrx_word' id='word_1_280' title='bbox 925 3062 1125 3151; x_wconf 89' lang='lat' dir='ltr'><strong>praebuisse,</strong></span> <span class='ocrx_word' id='word_1_281' title='bbox 1161 3083 1200 3127; x_wconf 88' lang='lat' dir='ltr'><strong>eo</strong></span> 
     </span>
     <span class='ocr_line' id='line_1_34' title="bbox 65 3144 1200 3235; baseline -0.001 -22"><span class='ocrx_word' id='word_1_282' title='bbox 65 3144 156 3235; x_wconf 87' lang='lat' dir='ltr'><strong>quod</strong></span> <span class='ocrx_word' id='word_1_283' title='bbox 175 3145 271 3212; x_wconf 89' lang='lat' dir='ltr'><strong>ruridi</strong></span> <span class='ocrx_word' id='word_1_284' title='bbox 292 3146 481 3213; x_wconf 87' lang='lat' dir='ltr'><strong>dentosum</strong></span> <span class='ocrx_word' id='word_1_285' title='bbox 502 3144 704 3212; x_wconf 85' lang='lat' dir='ltr'><strong>detractionis</strong></span> <span class='ocrx_word' id='word_1_286' title='bbox 725 3144 961 3219; x_wconf 79' lang='lat' dir='ltr'><strong>momorderint.</strong></span> <span class='ocrx_word' id='word_1_287' title='bbox 1009 3144 1200 3232; x_wconf 81' lang='lat' dir='ltr'><strong>Fulgentius</strong></span> 
     </span>
     <span class='ocr_line' id='line_1_35' title="bbox 17 3228 1201 3320; baseline -0.004 -21"><span class='ocrx_word' id='word_1_288' title='bbox 17 3248 28 3269; x_wconf 86' lang='lat'><strong><em>‘</em></strong></span> <span class='ocrx_word' id='word_1_289' title='bbox 65 3252 145 3299; x_wconf 89' lang='lat' dir='ltr'><strong>vero</strong></span> <span class='ocrx_word' id='word_1_290' title='bbox 181 3230 413 3299; x_wconf 81' lang='lat' dir='ltr'><strong>Prometheum</strong></span> <span class='ocrx_word' id='word_1_291' title='bbox 460 3230 511 3297; x_wconf 90' lang='lat' dir='ltr'><strong>dei</strong></span> <span class='ocrx_word' id='word_1_292' title='bbox 555 3228 784 3319; x_wconf 90' lang='lat' dir='ltr'><strong>providentiam</strong></span> <span class='ocrx_word' id='word_1_293' title='bbox 829 3231 942 3300; x_wconf 86' lang='lat' dir='ltr'><strong>asserit</strong></span> <span class='ocrx_word' id='word_1_294' title='bbox 986 3231 1201 3320; x_wconf 85' lang='lat' dir='ltr'><strong>interpretari;</strong></span> 
     </span>
     <span class='ocr_line' id='line_1_36' title="bbox 64 3315 1245 3402; baseline -0.003 -21"><span class='ocrx_word' id='word_1_295' title='bbox 64 3315 241 3387; x_wconf 86' lang='lat' dir='ltr'><strong>Minervam</strong></span> <span class='ocrx_word' id='word_1_296' title='bbox 272 3338 348 3383; x_wconf 88' lang='lat' dir='ltr'><strong>vero</strong></span> <span class='ocrx_word' id='word_1_297' title='bbox 383 3315 551 3391; x_wconf 83' lang='lat' dir='ltr'><strong>caelestem</strong></span> <span class='ocrx_word' id='word_1_298' title='bbox 588 3337 660 3381; x_wconf 88' lang='lat' dir='ltr'><strong>esse</strong></span> <span class='ocrx_word' id='word_1_299' title='bbox 690 3315 891 3402; x_wconf 68' lang='lat' dir='ltr'><strong>sapientiam</strong></span> <span class='ocrx_word' id='word_1_300' title='bbox 924 3315 1061 3382; x_wconf 90' lang='lat' dir='ltr'><strong>divinum</strong></span> <span class='ocrx_word' id='word_1_301' title='bbox 1093 3315 1245 3400; x_wconf 71' lang='lat' dir='ltr'><strong>ignemss</strong></span> 
     </span>
     <span class='ocr_line' id='line_1_37' title="bbox 65 3399 1239 3489; baseline -0.003 -20"><span class='ocrx_word' id='word_1_302' title='bbox 65 3401 255 3489; x_wconf 82' lang='lat' dir='ltr'><strong>sapientiam</strong></span> <span class='ocrx_word' id='word_1_303' title='bbox 287 3401 334 3467; x_wconf 92' lang='lat' dir='ltr'><strong>vel</strong></span> <span class='ocrx_word' id='word_1_304' title='bbox 365 3402 499 3467; x_wconf 89' lang='lat' dir='ltr'><strong>animam</strong></span> <span class='ocrx_word' id='word_1_305' title='bbox 533 3399 674 3488; x_wconf 83' lang='lat' dir='ltr'><strong>intelligi.</strong></span> <span class='ocrx_word' id='word_1_306' title='bbox 731 3399 846 3465; x_wconf 85' lang='lat' dir='ltr'><strong>Divina</strong></span> <span class='ocrx_word' id='word_1_307' title='bbox 878 3402 979 3487; x_wconf 82' lang='lat' dir='ltr'><strong>igitur</strong></span> <span class='ocrx_word' id='word_1_308' title='bbox 1007 3399 1203 3487; x_wconf 89' lang='lat' dir='ltr'><strong>providentia</strong></span> <span class='ocrx_word' id='word_1_309' title='bbox 1237 3478 1239 3482; x_wconf 17' lang='lat'>⁸</span> 
     </span>
     <span class='ocr_line' id='line_1_38' title="bbox 65 3484 1295 3574; baseline -0.003 -21"><span class='ocrx_word' id='word_1_310' title='bbox 65 3484 202 3553; x_wconf 87' lang='lat' dir='ltr'><strong>Pallade</strong></span> <span class='ocrx_word' id='word_1_311' title='bbox 221 3487 270 3552; x_wconf 88' lang='lat' dir='ltr'><strong>ins</strong></span> <span class='ocrx_word' id='word_1_312' title='bbox 293 3498 428 3567; x_wconf 82' lang='lat' dir='ltr'><strong>estante,</strong></span> <span class='ocrx_word' id='word_1_313' title='bbox 443 3507 527 3574; x_wconf 82' lang='lat' dir='ltr'><strong>quae</strong></span> <span class='ocrx_word' id='word_1_314' title='bbox 548 3484 610 3550; x_wconf 89' lang='lat' dir='ltr'><strong>dea</strong></span> <span class='ocrx_word' id='word_1_315' title='bbox 631 3494 681 3551; x_wconf 91' lang='lat' dir='ltr'><strong>est</strong></span> <span class='ocrx_word' id='word_1_316' title='bbox 701 3484 885 3570; x_wconf 88' lang='lat' dir='ltr'><strong>sapientiae,</strong></span> <span class='ocrx_word' id='word_1_317' title='bbox 905 3485 939 3549; x_wconf 93' lang='lat' dir='ltr'><strong>id</strong></span> <span class='ocrx_word' id='word_1_318' title='bbox 961 3497 1010 3552; x_wconf 89' lang='lat' dir='ltr'><strong>est</strong></span> <span class='ocrx_word' id='word_1_319' title='bbox 1030 3485 1204 3571; x_wconf 89' lang='lat' dir='ltr'><strong>sapientem</strong></span> <span class='ocrx_word' id='word_1_320' title='bbox 1292 3510 1295 3515; x_wconf 93' lang='lat'>·</span> 
     </span>
     <span class='ocr_line' id='line_1_39' title="bbox 26 3509 1268 3656; baseline -0.002 -19"><span class='ocrx_word' id='word_1_321' title='bbox 26 3603 37 3613; x_wconf 94' lang='lat'>·</span> <span class='ocrx_word' id='word_1_322' title='bbox 65 3570 229 3637; x_wconf 86' lang='lat' dir='ltr'><strong>homiuem</strong></span> <span class='ocrx_word' id='word_1_323' title='bbox 264 3509 421 3651; x_wconf 78' lang='lat' dir='ltr'><strong>lhrmans,</strong></span> <span class='ocrx_word' id='word_1_324' title='bbox 465 3570 494 3636; x_wconf 91' lang='lat' dir='ltr'><strong>ei</strong></span> <span class='ocrx_word' id='word_1_325' title='bbox 526 3581 562 3636; x_wconf 92' lang='lat' dir='ltr'><strong>ut</strong></span> <span class='ocrx_word' id='word_1_326' title='bbox 583 3569 700 3641; x_wconf 84' lang='lat' dir='ltr'><strong>viveret</strong></span> <span class='ocrx_word' id='word_1_327' title='bbox 731 3569 864 3635; x_wconf 84' lang='lat' dir='ltr'><strong>animam</strong></span> <span class='ocrx_word' id='word_1_328' title='bbox 894 3592 965 3635; x_wconf 87' lang='lat' dir='ltr'><strong>esse</strong></span> <span class='ocrx_word' id='word_1_329' title='bbox 993 3568 1204 3656; x_wconf 86' lang='lat' dir='ltr'><strong>necessariam</strong></span> <span class='ocrx_word' id='word_1_330' title='bbox 1265 3614 1268 3618; x_wconf 91' lang='lat'><em>-</em></span> 
     </span>
     <span class='ocr_line' id='line_1_40' title="bbox 67 3650 1243 3743; baseline 0 -22"><span class='ocrx_word' id='word_1_331' title='bbox 67 3655 166 3735; x_wconf 86' lang='lat' dir='ltr'><strong>vidit,</strong></span> <span class='ocrx_word' id='word_1_332' title='bbox 207 3678 303 3743; x_wconf 86' lang='lat' dir='ltr'><strong>quam</strong></span> <span class='ocrx_word' id='word_1_333' title='bbox 331 3657 361 3721; x_wconf 91' lang='lat' dir='ltr'><strong>ei</strong></span> <span class='ocrx_word' id='word_1_334' title='bbox 390 3653 475 3721; x_wconf 90' lang='lat' dir='ltr'><strong>velut</strong></span> <span class='ocrx_word' id='word_1_335' title='bbox 502 3650 544 3720; x_wconf 89' lang='lat' dir='ltr'><strong>de</strong></span> <span class='ocrx_word' id='word_1_336' title='bbox 575 3652 665 3719; x_wconf 87' lang='lat' dir='ltr'><strong>caelo</strong></span> <span class='ocrx_word' id='word_1_337' title='bbox 695 3664 830 3732; x_wconf 77' lang='lat' dir='ltr'><strong>tractam</strong></span> <span class='ocrx_word' id='word_1_338' title='bbox 861 3653 1007 3720; x_wconf 80' lang='lat' dir='ltr'><strong>divinitus</strong></span> <span class='ocrx_word' id='word_1_339' title='bbox 1035 3654 1204 3741; x_wconf 84' lang='lat' dir='ltr'><strong>inspiravit</strong></span> <span class='ocrx_word' id='word_1_340' title='bbox 1241 3688 1243 3695; x_wconf 38' lang='lat' dir='ltr'><strong>v</strong></span> 
     </span>
     <span class='ocr_line' id='line_1_41' title="bbox 65 3736 1247 3826; baseline 0.002 -18"><span class='ocrx_word' id='word_1_341' title='bbox 65 3738 185 3808; x_wconf 84' lang='lat' dir='ltr'><strong>Merito</strong></span> <span class='ocrx_word' id='word_1_342' title='bbox 206 3753 314 3808; x_wconf 88' lang='lat' dir='ltr'><strong>autem</strong></span> <span class='ocrx_word' id='word_1_343' title='bbox 335 3752 369 3826; x_wconf 75' lang='lat' dir='ltr'><strong>et</strong></span> <span class='ocrx_word' id='word_1_344' title='bbox 397 3764 417 3805; x_wconf 90' lang='lat' dir='ltr'><strong>a</strong></span> <span class='ocrx_word' id='word_1_345' title='bbox 446 3736 513 3805; x_wconf 89' lang='lat' dir='ltr'><strong>sole</strong></span> <span class='ocrx_word' id='word_1_346' title='bbox 544 3737 679 3804; x_wconf 87' lang='lat' dir='ltr'><strong>faculam</strong></span> <span class='ocrx_word' id='word_1_347' title='bbox 710 3736 874 3816; x_wconf 88' lang='lat' dir='ltr'><strong>accendit,</strong></span> <span class='ocrx_word' id='word_1_348' title='bbox 913 3738 1001 3826; x_wconf 89' lang='lat' dir='ltr'><strong>quod</strong></span> <span class='ocrx_word' id='word_1_349' title='bbox 1028 3738 1247 3810; x_wconf 79' lang='lat' dir='ltr'><strong>secundumtu</strong></span> 
     </span>
     <span class='ocr_line' id='line_1_42' title="bbox 91 3821 1280 3914; baseline 0 -23"><span class='ocrx_word' id='word_1_350' title='bbox 91 3826 113 3891; x_wconf 94' lang='lat' dir='ltr'><strong>b</strong></span> <span class='ocrx_word' id='word_1_351' title='bbox 136 3824 219 3892; x_wconf 85' lang='lat' dir='ltr'><strong>sicus</strong></span> <span class='ocrx_word' id='word_1_352' title='bbox 237 3848 335 3914; x_wconf 90' lang='lat' dir='ltr'><strong>quum</strong></span> <span class='ocrx_word' id='word_1_353' title='bbox 355 3826 396 3891; x_wconf 92' lang='lat' dir='ltr'><strong>ab</strong></span> <span class='ocrx_word' id='word_1_354' title='bbox 419 3822 484 3906; x_wconf 83' lang='lat' dir='ltr'><strong>aliis</strong></span> <span class='ocrx_word' id='word_1_355' title='bbox 504 3821 638 3910; x_wconf 88' lang='lat' dir='ltr'><strong>planetis</strong></span> <span class='ocrx_word' id='word_1_356' title='bbox 659 3821 726 3889; x_wconf 79' lang='lat' dir='ltr'><strong>alia.</strong></span> <span class='ocrx_word' id='word_1_357' title='bbox 742 3823 951 3911; x_wconf 87' lang='lat' dir='ltr'><strong>accipiamus,</strong></span> <span class='ocrx_word' id='word_1_358' title='bbox 981 3848 1002 3891; x_wconf 89' lang='lat' dir='ltr'><strong>a</strong></span> <span class='ocrx_word' id='word_1_359' title='bbox 1023 3824 1090 3891; x_wconf 87' lang='lat' dir='ltr'><strong>sole</strong></span> <span class='ocrx_word' id='word_1_360' title='bbox 1110 3824 1206 3891; x_wconf 86' lang='lat' dir='ltr'><strong>vitam</strong></span> <span class='ocrx_word' id='word_1_361' title='bbox 1278 3838 1280 3843; x_wconf 80' lang='grc'><strong>“</strong></span> 
     </span>
     <span class='ocr_line' id='line_1_43' title="bbox 66 3848 1207 3997; baseline -0.002 -20"><span class='ocrx_word' id='word_1_362' title='bbox 66 3848 236 3983; x_wconf 78' lang='lat' dir='ltr'><strong>hahemus.</strong></span> <span class='ocrx_word' id='word_1_363' title='bbox 285 3909 465 3976; x_wconf 84' lang='lat' dir='ltr'><strong>&#39;Vulturem</strong></span> <span class='ocrx_word' id='word_1_364' title='bbox 496 3928 571 3972; x_wconf 83' lang='lat' dir='ltr'><strong>vero</strong></span> <span class='ocrx_word' id='word_1_365' title='bbox 603 3907 698 3995; x_wconf 88' lang='lat' dir='ltr'><strong>jecur</strong></span> <span class='ocrx_word' id='word_1_366' title='bbox 730 3907 799 3997; x_wconf 88' lang='lat' dir='ltr'><strong>ejus</strong></span> <span class='ocrx_word' id='word_1_367' title='bbox 827 3918 1009 3996; x_wconf 84' lang='lat' dir='ltr'><strong>carpentem</strong></span> <span class='ocrx_word' id='word_1_368' title='bbox 1037 3909 1069 3975; x_wconf 94' lang='lat' dir='ltr'><strong>iu</strong></span> <span class='ocrx_word' id='word_1_369' title='bbox 1100 3908 1207 3994; x_wconf 81' lang='lat' dir='ltr'><strong>figura</strong></span> 
     </span>
    </p>
   </div>
   <div class='ocr_carea' id='block_1_4' title="bbox 10 3990 1267 4261">
    <p class='ocr_par' dir='ltr' id='par_1_4' title="bbox 10 3990 1267 4261">
     <span class='ocr_line' id='line_1_44' title="bbox 10 3990 1267 4082; baseline -0.005 -19"><span class='ocrx_word' id='word_1_370' title='bbox 10 4040 13 4045; x_wconf 94' lang='lat'><em>-</em></span> <span class='ocrx_word' id='word_1_371' title='bbox 66 3990 181 4063; x_wconf 86' lang='lat' dir='ltr'><strong>thundi</strong></span> <span class='ocrx_word' id='word_1_372' title='bbox 200 3993 269 4073; x_wconf 67' lang='lat' dir='ltr'><strong>,vult</strong></span> <span class='ocrx_word' id='word_1_373' title='bbox 290 3995 407 4082; x_wconf 89' lang='lat' dir='ltr'><strong>accipi,</strong></span> <span class='ocrx_word' id='word_1_374' title='bbox 429 3992 516 4081; x_wconf 85' lang='lat' dir='ltr'><strong>quod</strong></span> <span class='ocrx_word' id='word_1_375' title='bbox 529 4003 572 4082; x_wconf 57' lang='lat' dir='ltr'><strong>..et</strong></span> <span class='ocrx_word' id='word_1_376' title='bbox 590 3992 682 4065; x_wconf 89' lang='lat' dir='ltr'><strong>celeri</strong></span> <span class='ocrx_word' id='word_1_377' title='bbox 704 3992 842 4081; x_wconf 87' lang='lat' dir='ltr'><strong>quadarn</strong></span> <span class='ocrx_word' id='word_1_378' title='bbox 868 3993 1051 4061; x_wconf 90' lang='lat' dir='ltr'><strong>volucritate</strong></span> <span class='ocrx_word' id='word_1_379' title='bbox 1071 3993 1208 4068; x_wconf 85' lang='lat' dir='ltr'><strong>mundus</strong></span> <span class='ocrx_word' id='word_1_380' title='bbox 1264 3994 1267 4003; x_wconf 85' lang='lat'>&#39;</span> 
     </span>
     <span class='ocr_line' id='line_1_45' title="bbox 67 4075 1208 4168; baseline -0.003 -23"><span class='ocrx_word' id='word_1_381' title='bbox 67 4090 234 4159; x_wconf 82' lang='lat' dir='ltr'><strong>versetur,</strong></span> <span class='ocrx_word' id='word_1_382' title='bbox 274 4090 307 4144; x_wconf 92' lang='lat' dir='ltr'><strong>et</strong></span> <span class='ocrx_word' id='word_1_383' title='bbox 327 4079 518 4147; x_wconf 86' lang='lat' dir='ltr'><strong>cadaverum</strong></span> <span class='ocrx_word' id='word_1_384' title='bbox 540 4079 737 4144; x_wconf 88' lang='lat' dir='ltr'><strong>nascentium</strong></span> <span class='ocrx_word' id='word_1_385' title='bbox 758 4075 1034 4166; x_wconf 88' lang='lat' dir='ltr'><strong>occidentiumque</strong></span> <span class='ocrx_word' id='word_1_386' title='bbox 1062 4079 1208 4168; x_wconf 89' lang='lat' dir='ltr'><strong>perenui-</strong></span> 
     </span>
     <span class='ocr_line' id='line_1_46' title="bbox 68 4161 1250 4261; baseline -0.003 -28"><span class='ocrx_word' id='word_1_387' title='bbox 68 4175 138 4261; x_wconf 66' lang='lat' dir='ltr'><strong>tatp</strong></span> <span class='ocrx_word' id='word_1_388' title='bbox 156 4163 359 4253; x_wconf 82' lang='lat' dir='ltr'><strong>depascatur.</strong></span> <span class='ocrx_word' id='word_1_389' title='bbox 409 4162 558 4259; x_wconf 86' lang='lat' dir='ltr'><strong>Denique</strong></span> <span class='ocrx_word' id='word_1_390' title='bbox 577 4162 717 4233; x_wconf 68' lang='lat' dir='ltr'><strong>structo</strong></span> <span class='ocrx_word' id='word_1_391' title='bbox 739 4163 867 4229; x_wconf 91' lang='lat' dir='ltr'><strong>homine</strong></span> <span class='ocrx_word' id='word_1_392' title='bbox 888 4164 1071 4231; x_wconf 88' lang='lat' dir='ltr'><strong>Pandoram</strong></span> <span class='ocrx_word' id='word_1_393' title='bbox 1092 4161 1250 4230; x_wconf 71' lang='lat' dir='ltr'><strong>diciturne</strong></span> 
     </span>
    </p>
   </div>
   <div class='ocr_carea' id='block_1_5' title="bbox 798 4276 877 4366">
    <p class='ocr_par' dir='ltr' id='par_1_5' title="bbox 798 4276 877 4366">
     <span class='ocr_line' id='line_1_47' title="bbox 798 4276 877 4366; baseline 0 -24"><span class='ocrx_word' id='word_1_394' title='bbox 798 4276 877 4366; x_wconf 74' lang='lat' dir='ltr'><strong>ro*</strong></span> 
     </span>
    </p>
   </div>
   <div class='ocr_carea' id='block_1_6' title="bbox 0 0 1336 4658">
    <p class='ocr_par' dir='ltr' id='par_1_6' title="bbox 0 0 1336 4658">
     <span class='ocr_line' id='line_1_48' title="bbox 0 0 1336 4658; baseline 0 0"><span class='ocrx_word' id='word_1_395' title='bbox 0 0 1336 4658; x_wconf 95' lang='lat' dir='ltr'><strong> </strong></span> 
     </span>
    </p>
   </div>
  </div>
 </body>
</html>
