2616 4658
333 108 516 237 nynia.
545 133 609 206 11.¹
651 80 928 204 aoss-aass·
1111 132 1162 224 ar
1286 118 1289 123 ’

25 318 117 410 quod
151 320 350 410 pestilentiae
382 319 462 386 deus
496 319 552 399 sit,
587 316 653 384 sire
683 316 758 404 quia
791 314 917 381 fervore
946 337 1005 383 sno
1039 320 1165 409 cinnam
1253 404 1256 409 Ι

26 430 143 473 sucum
162 407 331 473 herbarum
354 405 476 509 perdat.
504 404 608 470 Hune
629 412 662 468 et
682 398 912 488 auspiciorum,
956 403 1047 469 uibus
1068 408 1165 472 urbes
1286 422 1289 427 ·

26 504 207 578 reguntur,
231 504 278 581 ‘et
312 487 507 558 divinationis
543 489 639 567 deum
669 484 830 566 dixerunt,
868 424 955 573 quod
987 488 1035 554 sol
1062 493 1166 583 omnia

27 581 168 643 obscura
189 577 384 655 manifestat,
411 576 459 642 vel
481 572 568 661 qnod
587 574 618 637 in
642 582 794 640 ortusuo
816 580 988 637 croceam
1009 575 1164 642 multimo-

28 661 90 728 dos
119 674 274 729 monstrat
299 664 431 729 effectus
463 657 753 745 significationum„
789 657 885 722 Titan
914 671 1020 724 autem
1050 660 1207 728 diciturn

28 747 158 835 Apollo,
210 747 276 813 uasi
298 768 377 813 unus
399 770 438 811 ex
459 744 643 822 Titanibus,
666 743 720 829 qui
742 751 852 807 eontra
874 740 952 808 deos
972 767 1061 812 arma
1080 772 1165 815 sum·
1190 782 1193 789 ·

30 844 151 899 serunt.
227 832 257 896 ui
286 855 382 921 quum
402 830 484 897 bello
507 842 617 896 contra
640 826 717 893 deos
739 826 957 921 abstinuisset,
988 853 1048 931 pro
1069 835 1167 901 bene.

29 917 105 984 ficio
137 917 259 983 caelum
288 917 442 983 meruisse
472 915 674 1001 confingitur.
725 910 781 978 Sol
812 923 919 979 autem
942 913 1056 984 dicitur
1077 924 1167 1007 quasi

29 999 194 1091 epirebua,
221 1001 284 1068 hoc
316 1013 365 1069 est
392 999 587 1065 adolescens
595 1022 607 1076 ,·
634 996 722 1063 unde
750 1008 783 1064 et
804 1018 885 1083 puer
903 997 1062 1087 pingitur,
1092 1008 1167 1093 quia

44 1086 174 1153 'uotidie
200 1109 283 1153 nora
318 1086 391 1153 luce
416 1084 507 1174 quasi
536 1081 644 1172 puerili
677 1082 763 1150 vultu
793 1082 949 1165 nascitur;
982 1088 1117 1175 Pythius
1147 1116 1208 1167 aro

29 1111 199 1261 fythona,
220 1173 393 1239 immensae
412 1171 501 1245 molis
520 1182 685 1256 serpente,
709 1189 803 1254 quem
824 1167 1022 1237 interfecisse
1042 1174 1167 1244 dicitur.

28 1256 128 1323 Unde
155 1258 245 1326 etin
274 1257 341 1351 ojus
370 1256 524 1323 honorem
552 1276 638 1339 agon
663 1253 818 1343 Pythicas
843 1252 1045 1340 ,celebratum
1076 1263 1167 1349 cujus

29 1343 167 1411 victores
196 1343 287 1409 lauro'
317 1355 519 1409 coronantur.
561 1334 809 1407 discalciantem
826 1339 955 1404 Graece
975 1345 1168 1412 credulitas
1258 1385 1261 1393 ·

29 1426 168 1513 dicitur,
194 1428 269 1517 quia
292 1427 372 1518 falsa
393 1426 562 1495 credulitas
583 1426 655 1492 luce
675 1423 898 1491 manifestante
919 1424 1113 1517 deprimitur.

466 1544 495 1599 ,r

144 1650 212 1724 20.
266 1618 511 1748 Apollinis
539 1651 726 1746 tripos,
754 1673 908 1741 arom,
946 1651 1047 1724 tela·
1115 1678 1123 1687 '
1175 1666 1213 1742 rs'

119 1777 251 1865 Apollini
271 1776 429 1865 tripodem
451 1774 624 1852 addicunt,
651 1773 724 1861 quia
745 1772 917 1860 praeterita
944 1778 1046 1857 norit,
1076 1799 1169 1866 prae-

29 1862 134 1927 sentia
163 1865 283 1941 cernit,
319 1864 426 1929 futura
460 1862 583 1926 visurus
617 1871 675 1925 est
724 1861 841 1923 Arcum
871 1868 904 1923 et
932 1861 1066 1945 sagittas
1094 1864 1169 1932 huic

28 1946 232 2027 adscribunt,
263 1947 311 2012 vel
334 1944 420 2033 quod
442 1944 483 2010 de
505 1942 622 2009 circulo
644 1943 712 2032 ejus
732 1941 813 2006 radii
834 1942 866 2006 in
888 1941 1016 2009 modum
1036 1969 1071 2011 sa
1098 1949 1169 2015 itta-

27 2054 103 2097 rum
125 2033 284 2110 exsiliant,
316 2032 363 2098 rel
392 2028 478 2119 quod
500 2052 558 2094 sua
579 2028 830 2095 manifestatione
852 2024 1022 2107 dubietatis
1046 2032 1170 2103 scindat

28 2116 209 2201 caliginem.
252 2118 350 2182 Hune
375 2113 565 2205 quadrijugo
592 2114 638 2181 uti
661 2112 788 2193 dicunt,
820 2110 908 2199 quod
935 2115 1212 2207 quadripartitispp

27 2212 210 2291 temporum
232 2202 434 2271 varietatibus
455 2203 529 2268 anni
550 2199 700 2270 circulum
721 2209 868 2288 peragat.

215 2424 281 2519 21.
335 2426 537 2521 Quattuor
567 2430 672 2526 equi
702 2421 989 2523 Apollinis)

115 2552 219 2642 Ipsius
230 2554 320 2643 equis
332 2551 425 2620 condi
474 2554 633 2621 anomina
645 2555 861 2641 imposuerunt
873 2551 936 2619 sic:
957 2553 1167 2644 Erythraeus,

28 2637 173 2720 Aethon,
206 2640 369 2723 Lamus,
407 2639 610 2727 Fingens·
651 2640 849 2742 Erythraeus
891 2640 1019 2729 Graece
1054 2642 1168 2711 dicitur

30 2721 180 2804 rubens,
240 2665 311 2792 uod
331 2749 352 2792 a
376 2724 531 2791 matutino
561 2725 608 2792 sol
635 2726 750 2791 lemme
778 2723 973 2791 rubicundus
1006 2736 1209 2816 exsurgatna

30 2808 154 2873 Aethon
166 2749 364 2898 ’splendens
392 2807 527 2894 dicitur,
560 2809 646 2899 quod
667 2811 761 2877 tertia
781 2811 861 2877 hora
882 2809 1017 2877 lucidior
1037 2814 1168 2901 fulgeat.

30 2891 173 2980 Lampus
189 2917 264 2961 vero
275 2884 420 2975 ardetis,
440 2894 516 2963 dum
533 2897 576 2962 ad
592 2918 746 2963 summum
761 2896 823 2962 diei
845 2895 995 2962 circulum
1014 2900 1173 2965 conscen-

32 2973 123 3045 derit
165 2980 341 3068 Philogeus
372 2981 501 3047 Graece
527 2991 642 3046 terrac
668 3003 793 3047 amans
815 2978 946 3065 dicitur,
976 2983 1063 3070 quod
1084 2988 1177 3052 non'a'
1219 3050 1223 3057 .

26 3060 111 3129 hora
132 3086 268 3153 vergens
290 3066 457 3134 occasibus
470 3067 647 3136 incumbat
671 3078 680 3088 ‘

261 3330 265 3337 ,
307 3264 376 3341 22.
429 3263 666 3367 Apollinis
702 3290 875 3340 corvus.
962 3222 984 3342 Ι,
1175 3234 1211 3357 Ιὃς)

118 3389 317 3458 (iurantem
349 3416 477 3460 corvum
499 3394 648 3484 Apollinis
671 3396 790 3461 tutelae
811 3391 996 3479 subjiciant,
1030 3391 1099 3459 talis
1124 3392 1169 3459 fa'-
1225 3470 1228 3479 Ι
1279 3435 1282 3443 ·

29 3473 105 3540 bula
131 3474 335 3544 demonstrat.
377 3478 486 3567 Apollo
515 3504 611 3568 quum
635 3476 847 3556 Coronidem,
876 3476 1043 3565 Phlegyae
1063 3477 1170 3557 filiam,

27 3559 195 3646 gravidam
220 3562 363 3644 fecisset,
393 3567 570 3637 corrumsei
593 3562 758 3631 custodem
781 3562 946 3648 apposuit,
968 3582 1009 3626 ne
1034 3564 1104 3652 quis
1127 3563 1170 3629 ad

28 3666 104 3711 eam
133 3646 258 3714 occulta
288 3648 465 3717 temeritate
493 3649 673 3716 accederet.
716 3649 800 3713 Ourn
831 3648 893 3712 hao
913 3645 1023 3736 Lycus
1044 3649 1170 3717 occulte

26 3732 217 3813 concubuit,
240 3755 334 3821 quem
354 3734 501 3825 anpiter
521 3735 649 3800 fulmine
669 3734 808 3801 extinxit.
848 3733 954 3819 ipsam
974 3734 1167 3801 Coronidem
1176 3756 1211 3806 as

25 3816 155 3903 Apollo,
178 3832 342 3908 comperto
362 3821 431 3910 ejus
453 3820 625 3901 adulterio,
646 3819 770 3905 sagittis
787 3818 913 3886 occidit.
947 3819 1011 3885 Oui
1025 3835 1171 3888 mortuae

27 3914 160 3969 exsecto
194 3918 304 3985 utero,
346 3906 570 3993 Aesculapium
603 3904 751 3994 produxit
785 3905 817 3968 in
854 3903 967 3971 lucem.
1028 3906 1170 3973 Corvum

25 3997 154 4071 autem,
193 3990 377 4061 naturaliter
411 4014 588 4080 pennarum
623 3989 764 4056 candore
791 3989 982 4078 plumatum,
1019 4014 1059 4058 cx
1098 3992 1168 4057 albo

24 4072 156 4158 nigrum
185 4076 280 4155 fecit,
319 4089 353 4144 et
382 4076 414 4143 in
443 4100 533 4143 suam
560 4075 690 4143 tutelam
717 4076 847 4164 recepit.
897 4077 1024 4143 Veritas
1063 4092 1168 4143 autem

23 4158 145 4242 habet,
160 4160 400 4230 ¹eorsumideo
422 4163 454 4229 in
476 4161 623 4252 Apollinis
644 4159 743 4229 tutela
765 4185 854 4246 esse,
879 4163 945 4233 sive
972 4160 1060 4249 quod
1084 4163 1211 4239 solusao

717 4276 739 4342 6
