2632 4658
125 176 204 273 'aa‘
416 166 599 295 uyuag‘f.
626 191 659 266 1.
715 156 979 281 ras-raa.

126 383 302 451 Thessalus
331 401 406 461 rex,
445 381 551 447 bubus
579 387 689 447 uestro
717 377 903 467 erogitatis,
935 374 1085 445 satellites
1113 393 1192 439 snos
1222 370 1262 437 ad

126 493 183 538 eos
201 461 408 536 'revocandos
435 467 485 539 ire
507 465 672 557 jussisset,
707 464 749 547 iiii
771 488 813 531 ue
842 486 937 531 cursu
968 486 1032 529 non
1064 458 1263 535 sufficerent,

126 553 340 623 ascenderunt
368 572 487 641 equos,
518 562 551 618 et
580 573 691 627 eorum
719 574 758 617 re
790 550 887 618 citato
921 552 1018 617 bores
1050 544 1171 628 secuti,
1206 566 1263 609 eos

126 640 257 709 stimulis
286 638 328 707 ad
358 649 451 726 tecta¹
468 649 673 713 revocarunt
726 632 794 704 Sed
823 635 950 715 hivisi,
986 645 1042 701 aut
1062 654 1161 722 quum
1182 628 1265 697 irent

101 727 294 801 §reieciten
328 736 383 792 aut
410 744 507 813 quum
531 744 642 790 eorum
666 723 740 810 eqni
757 720 843 789 circa
866 724 984 790 flumen
1004 720 1150 789 Peneum
1172 726 1265 805 pota-

124 824 196 878 rent
225 811 379 899 capitibus
408 809 581 891 inclinatis,
613 808 718 877 locum
752 808 879 875 fabulae
908 805 1085 889 dederunt,
1113 814 1149 872 nt
1178 803 1264 868 Cen-

60 971 64 983 ,
124 897 208 965 tauri
231 919 303 963 esse
323 894 539 986 crederentur.
1087 922 1090 928 ·

352 1049 448 1126 aba.
502 1050 759 1127 Phoenissa
794 1030 1033 1125 sacerdos.

145 1242 148 1247 .
210 1178 390 1247 Phoenissa
423 1178 559 1270 Dryope
594 1175 748 1247 sacerdos
780 1185 851 1242 erat
884 1175 993 1244 Liberi
1027 1174 1147 1264 patris,
1180 1191 1266 1257 quae

18 1264 19 1269 ’
83 1262 235 1332 lot'urtim
262 1263 399 1353 gravida
427 1264 531 1347 facta,
569 1264 646 1333 dum
680 1274 810 1332 taurum
842 1259 1066 1329 immolandum
1102 1260 1144 1327 ad
1175 1277 1265 1323 aram

125 1351 277 1418 cornibus
305 1350 479 1439 protrahit,
506 1352 611 1420 oneris
636 1349 751 1430 oblita,
780 1359 913 1437 propter
933 1350 1059 1419 nimiam
1078 1348 1148 1438 ejus
1172 1340 1263 1409 lassi·

123 1434 268 1516 tudinem
282 1437 392 1515 *infans
413 1448 547 1509 mactus
570 1436 688 1509 excidit
708 1433 752 1501 de
774 1432 872 1503 ruira.

500 1580 603 1683 1⁵65..
639 1578 888 1709 Sisyphus.
939 1635 941 1638 ’

157 1740 161 1747 ’
211 1733 284 1840 Sisy
303 1731 374 1839 hus
403 1734 453 1801 ob*
475 1732 540 1837 hpc
568 1732 631 1833 tuh¹
647 1728 951 1831 posseseratus,
988 1733 1077 1821 quia
1094 1730 1262 1841 Aeginam,

33 1938 36 1947 ·
83 1821 292 1996 ”heidiba
314 1817 1263 1994 {itadiiiiiiyiiiiit.&iiiiiii*iiiiii}

124 1992 251 2058 levitate
267 1993 349 2080 patri
363 1991 701 2083 quaerentiprodidit:
730 1993 818 2061 unde
839 2015 951 2061 saxum
975 1991 1044 2057 sine
1064 1991 1129 2055 fine
1149 2001 1262 2054 contra

124 2089 264 2144 montem
291 2088 400 2144 rotare
419 2075 544 2143 dieitur.
588 2074 932 2169 timens—'Sisyphus
953 2088 1019 2151 est,
1043 2076 1097 2163 qui
1110 2073 1197 2162 apud
1214 2074 1261 2140 in-

124 2162 212 2228 feros
229 2160 366 2250 lapidem
382 2161 540 2248 grandem
555 2164 657 2247 volvit,
681 2166 756 2254 qnia
769 2167 883 2233 multos
899 2162 1020 2251 ingenti
1035 2183 1114 2228 saxo
1127 2159 1260 2228 necarit.

82 2352 119 2400 so
251 2362 257 2369 ·
337 2322 453 2401 166..
485 2324 721 2406 Arethusa
754 2345 798 2434 et
830 2328 1049 2438 Alpheus.

153 2450 159 2473 ¹
210 2451 369 2520 Arethusa
388 2454 539 2545 Nympha
561 2458 698 2544 iegitur,
730 2452 900 2527 venatione
923 2482 961 2524 ex
985 2458 1066 2536 ieta,
1099 2454 1261 2525 celavere

126 2536 159 2601 in
180 2537 300 2625 Alpheo
322 2540 462 2608 flumine.
503 2543 641 2631 Exque
663 2566 761 2633 quum
782 2544 930 2613 adamata
966 2545 1079 2623 uisset,
1107 2555 1141 2610 et
1164 2540 1261 2609 liben-

126 2633 191 2688 tem
220 2623 372 2709 fugisset,
403 2624 538 2717 deorum
568 2628 770 2697 miseratione
790 2632 824 2697 in
845 2631 965 2698 sontem
986 2651 1099 2710 versa,
1130 2629 1260 2696 secretis

128 2708 284 2774 meatibus
306 2700 348 2774 ad
370 2710 514 2781 Siciliam
529 2715 627 2783 fluxit
670 2715 778 2792 Quam
798 2714 914 2786 dicitur
935 2713 1074 2805 Alpheus
1094 2724 1200 2802 usque
1220 2711 1261 2793 ad

85 2792 267 2859 2⁵Siciiiam
287 2796 446 2885 persequi.
507 2866 512 2875 ,
1220 2808 1224 2813 ’

518 2932 612 3014 ror.
665 2902 902 3049 sapen.

213 3065 357 3154 Scyron,
386 3052 454 3131 alto¹
470 3061 613 3135 residens
635 3093 734 3148 saxo,
762 3077 962 3137 transeuntes
984 3067 1131 3155 coegisse
1152 3042 1264 3145 fertur,

62 3208 66 3216 .
129 3159 167 3216 ut
186 3148 246 3214 sihi
267 3150 367 3238 pedes
388 3151 544 3243 lavercum
561 3153 654 3241 quod
675 3154 752 3223 dum
772 3155 935 3242 faceat,
949 3175 1013 3223 eos
1033 3177 1072 3220 es
1093 3153 1262 3242 improviso

130 3236 162 3300 in
180 3236 400 3333 praecipitium
421 3234 518 3304 dedit

83 3437 124 3496 ao
320 3397 417 3478 166.
460 3380 701 3525 Groto'pue
732 3415 781 3515 ¹et
817 3404 1065 3482 Coroebus.
1188 3474 1190 3477 ,

215 3528 386 3621 crotopus
402 3552 459 3598 rex
481 3530 540 3601 fuit
560 3530 763 3623 Argiuorum,
782 3531 873 3623 cujus
892 3533 986 3599 filiam
1007 3528 1118 3621 Apollo
1137 3528 1261 3605 vitiavit
1293 3526 1296 3534 ⁴

131 3612 229 3687 Quod
249 3629 342 3703 pater
360 3617 531 3705 indignans
551 3608 647 3687 [iiiam
669 3620 845 3698 interemit,
877 3620 952 3707 quia
971 3619 1088 3703 Vestae
1103 3615 1260 3699 ,sacerdos

131 3699 319 3791 tueracet
344 3702 377 3775 in
395 3704 585 3793 ¹‚uirginitate
604 3729 732 3794 semper
752 3704 929 3795 perdurare
951 3704 1068 3783 debuit.
1111 3702 1152 3770 ln
1171 3702 1261 3792 cujus

131 3783 282 3850 ultionem
307 3789 333 3852 Α
357 3786 418 3875 cllo
440 3789 588 3858 horribile
616 3802 792 3860 monstrum
820 3793 918 3873 misit,
958 3790 1045 3878 quod
1081 3782 1262 3866 Coroebus,

303 3866 319 3888 ν
349 3866 353 3873 ,

89 3868 315 3958 asjuvenisqur
340 3896 391 3938 am
404 3873 609 3958 fortissimus,
630 3876 755 3963 occidit.
786 3878 832 3946 Et
853 3879 937 3945 hanc
958 3876 1120 3943 historiam
1142 3874 1262 3943 Statius

133 3954 354 4022 decentissime
385 3960 502 4028 scribit.
545 3963 653 4051 Ipsum
686 3975 792 4032 autem
822 3975 997 4031 monstrum
1024 3963 1139 4028 Lamia
1170 3983 1264 4027 roca-

132 4041 236 4127 batur.
278 4041 412 4108 Lamiae
439 4058 512 4114 sunt
541 4049 640 4137 enim¹
656 4048 761 4116 fossae
791 4072 975 4139 camporum
1006 4048 1113 4136 pluviis
1141 4046 1262 4135 plenae,

130 4125 177 4274 pse!
201 4127 369 4278 peregines
392 4131 576 4225 fluminum3
608 4134 697 4201 unde
717 4137 785 4225 ipsa
811 4135 1006 4203 ferocissima
1027 4132 1129 4203 bestia
1150 4130 1263 4200 [remia

151 4233 201 4277 roe
226 4227 304 4278 atur.
552 4249 553 4253 ,
868 4250 872 4257 .
