2632 4658
139 155 220 231 100
425 154 609 256 myrhope.
644 155 698 229 11.
753 152 985 231 tte-tut.
1075 234 1080 239 .
1226 174 1232 195 ¹
1294 33 1307 285 Ι

140 338 306 418 attulerat,
334 318 432 409 inisse
455 362 550 409 suum
571 350 766 423 monstrare,
793 338 1027 429 Triptolemum
1048 334 1171 405 insidiis
1239 336 1256 420 ,⁸

141 447 231 493 mere
258 436 392 492 conatus
420 437 481 495 est.
521 425 660 505 atille,
689 425 831 513 periculo
854 426 1003 515 cognito,
1029 422 1143 491 eructo

139 511 266 600 Lycum
287 512 433 600 persequi
453 513 568 601 coepit
602 510 723 599 Lycus,
745 512 777 577 in
799 510 899 581 leram
920 510 971 580 sui
990 508 1127 585 nomini·
1152 528 1271 593 venem,

139 617 264 662 morum
283 616 414 666 suorum
434 597 543 665 colore
562 593 729 679 distinctus
751 605 811 665 est.

113 798 133 847 δ
228 806 231 818 ·
452 760 542 857 09.
596 780 806 888 Cepheus
844 809 935 859 rex.

220 912 398 1003 Postquam
418 912 634 1005 Triptolemus
660 913 794 983 domum
812 906 924 991 rediit,
944 904 1098 997 Cepheus
1118 924 1178 975 rea
1199 926 1271 977 enm

139 1006 303 1087 tamquam
333 999 475 1069 aemulus
497 1000 681 1069 interficere
707 1009 843 1067 conatus
871 1005 930 1063 est.
971 992 1043 1060 Sed
1069 1014 1109 1061 re
1129 991 1271 1095 cognita,

129 1082 227 1175 *jussu
255 1084 385 1154 cereris
414 1085 613 1175 Triptolemo
634 1105 772 1189 regnum
803 1079 951 1161 tradidit,
980 1077 1097 1168 ibique,
1120 1100 1164 1169 op
1186 1074 1271 1179 ¹⁴¹⁰..

45 1196 49 1205 ·
140 1168 320 1250 constituit,
346 1169 437 1259 quod
464 1193 505 1237 ex
520 1172 619 1261 patris
646 1193 696 1239 sur
718 1166 844 1236 nomine
865 1162 1050 1269 appellqvit,
1081 1164 1138 1251 qui
1157 1100 1270 1241 detera

97 1271 231 1323 temera
254 1255 373 1346 primus
394 1255 545 1341 instituit,
575 1278 661 1347 quae
682 1257 811 1322 Graece
830 1261 1047 1341 θεσμοφορια
1066 1246 1271 1339 appellantur.

333 1440 427 1519 100.
479 1444 698 1520 Iuventio
734 1404 1064 1540 Proserpinae.
1183 1504 1193 1527 ,

142 1540 178 1674 ·..
223 1568 326 1637 Ceres
348 1592 446 1658 quum
467 1569 712 1660 Proserpinam,
733 1591 755 1635 a
773 1566 913 1635 Plutone
933 1576 1077 1669 raptam,
1096 1563 1153 1632 diu
1174 1586 1270 1669 quse·

137 1653 814 1809 tff‘u‘tl‘lutlttttltlttatt
826 1646 1077 1805 ‚effutit
1095 1662 1271 1827 ,titali

97 1846 211 1925 tapam
227 1762 334 1929 (pirasse.
346 1764 481 1930 rdverti,
501 1826 529 1894 si
549 1802 623 1929 nibil
644 1766 731 1916 dpud
751 1824 871 1892 inferos
890 1786 1062 1910 gustabset.
1092 1820 1151 1889 llio
1163 1832 1270 1891 autem

133 1931 348 2086 limittit,
364 1911 779 2087 ‘tilaibiiffttitt
812 1906 1271 2094 tlt'ttisilffist:

135 2084 661 2235 ttt‘tl‘titslii‘tli
683 2082 854 2235 titi
867 2079 977 2231 sii?
996 2078 1272 2231 illitati

94 2188 268 2330 acutium,
300 2262 336 2318 ut
364 2253 486 2319 Proser
508 2254 561 2319 ina
588 2254 634 2320 Vl
663 2262 750 2325 esset
779 2272 854 2318 cum
880 2187 1193 2351 matrepmeusibus,
1223 2248 1271 2317 Vl

136 2356 211 2401 cum
231 2335 353 2405 marito.
396 2338 471 2414 Quo
514 2337 589 2405 ideo
613 2338 764 2427 fingitur,
798 2335 872 2424 quia
887 2334 1099 2437 'Proserpina'
1124 2356 1197 2423 ipsa
1220 2343 1271 2402 est

158 2441 220 2487 uae
239 2433 275 2490 et
292 2421 385 2506 lune,
416 2446 501 2513 quae
528 2435 597 2494 toto
616 2446 700 2491 anuo
730 2420 777 2491 vl
797 2421 959 2491 mensibus
982 2430 1117 2501 crescat,
1145 2418 1193 2487 vl
1212 2414 1271 2485 de-

103 2534 107 2541 ·
134 2442 220 2588 deit,
246 2504 369 2576 seilicet
386 2531 446 2597 per
465 2510 608 2663 sinqulos
630 2530 755 2578 mensor
775 2503 943 2610 quindenis
964 2502 1095 2587 diebus;
1123 2514 1162 2573 ut
1182 2522 1271 2575 eree·

134 2613 213 2661 cens
233 2592 321 2683 apud
340 2614 491 2684 superos,
536 2596 665 2665 eliciens
685 2590 773 2685 apud
793 2587 1091 2683 micros-rideatur.

90 2806 129 2859 aa
501 2779 592 2858 101.
653 2783 901 2861 Sirenes.

143 2947 146 2952 -
219 2906 376 2992 Sirenes„
396 2908 615 3001 Melpomenes
640 2909 754 2981 Musae
783 2922 818 2987 et
846 2906 978 2983 Acheloi
1008 2902 1148 2981 tumbis
1175 2900 1271 2984 filiae,

96 2994 103 3003 '
132 3011 232 3081 quum
247 2993 491 3101 Proserpinam,
526 3020 547 3063 a
566 2996 705 3065 Plutone
724 3010 867 3087 raptam,
896 2994 1109 3084 inquirerent,
1141 2999 1178 3059 et
1198 3010 1271 3055 eam

132 3078 262 3145 minime
280 3080 490 3163 invenusent,
520 3105 540 3149 a
561 3081 620 3149 diis
641 3082 809 3151 novissime
837 3082 1067 3170 impetrarunt,
1100 3084 1137 3144 ut
1157 3096 1271 3141 versae

132 3162 349 3247 involucres,
379 3190 442 3232 non
464 3179 587 3235 tautum
606 3169 639 3234 iu
660 3170 776 3249 terris,
803 3166 862 3235 sed
893 3166 987 3234 etiam
1009 3164 1041 3229 iu
1062 3160 1143 3229 marl
1164 3158 1271 3249 requi-

90 3247 226 3321 acuum
267 3252 420 3341 consequi
453 3264 594 3340 possent.
647 3252 723 3328 Quo
763 3274 936 3334 concesso,
977 3247 1033 3316 diu
1067 3258 1271 3335 quaerentes,

131 3333 301 3402 uerissime
321 3334 365 3403 ad
385 3346 510 3428 petram
529 3335 652 3417 Martis,
672 3359 756 3426 quae
775 3337 917 3429 proxime
937 3333 1121 3405 imminebat
1140 3330 1271 3419 pelago,

133 3417 349 3503 devenerunt,
394 3422 503 3512 ibique
541 3420 688 3489 babitare
730 3432 917 3512 coeperunt
974 3420 1037 3489 His
1079 3438 1271 3483 conoessum

131 3501 1271 3689 titilletitit”ltiffsltlttsttllttit

90 3675 235 3765 sspedes
266 3678 462 3766 gallinaceos
482 3680 647 3749 babentes.
736 3702 828 3747 arum
855 3700 919 3746 una
950 3696 1050 3752 voce,
1086 3672 1148 3740 alia
1176 3670 1271 3752 tibiis,

133 3762 230 3830 tertia
248 3760 318 3852 lyra
347 3768 492 3834 canebat
549 3765 695 3841 Quarum
725 3766 871 3833 cautibus
900 3760 997 3829 illecti
1026 3769 1144 3826 nautae
1194 3776 1271 3825 uum
1315 3830 1316 3843 q

133 3843 178 3912 ad
207 3869 286 3915 saxa
319 3849 530 3931 accederent,
569 3851 601 3917 in
638 3851 754 3942 quibus
791 3850 864 3917 illae
890 3846 1068 3915 residentes
1098 3864 1181 3911 enne
1205 3852 1271 3921 ant,

131 3930 218 3999 illisis
240 3933 273 3999 in
289 3935 428 4023 scopulis
448 3938 591 4018 naribus,
614 3935 648 4002 iu
668 3936 839 4024 naufragia
858 3932 1075 4011 ducebantur,
1097 3938 1130 3997 et
1150 3926 1270 3995 abillis

132 4015 394 4087 comedebantur.
437 4024 508 4091 Hae
529 4022 639 4091 Ulixes
659 4018 894 4091 contemnendo
911 4015 1044 4086 deduxit
1063 4013 1107 4082 ad
1123 4023 1270 4083 mortem.

20 4156 22 4163 .
71 4102 219 4179 'soNam
240 4125 337 4195 quum
359 4104 426 4173 illas
452 4105 764 4195 praeternavigaret,
795 4105 934 4173 omnium
955 4102 1117 4172 sociorum
1138 4120 1269 4167 suorum

125 4211 250 4274 ‘nures,
272 4212 314 4261 ue
335 4212 390 4261 eas
411 4192 576 4289 audirent,
598 4214 675 4263 cera
695 4196 863 4273 obturans,
885 4213 922 4260 se
940 4187 1037 4278 jussit
1056 4182 1100 4255 ad
1120 4186 1270 4259 arborem
