2632 4658
24 80 26 89 ⁸
140 85 242 213 aaa
413 106 1159 243 myaop.111.1o.ja÷a.*'
1263 114 1269 125 ’

141 319 355 410 nsaprpriaoa',
384 319 501 390 Latine
520 321 711 388 contritam
732 319 874 395 dicimus.
916 320 1029 402 Unda,
1061 320 1182 410 inquit,
1209 324 1278 391 'l'ri-

140 404 316 485 toniadea
346 402 432 473 dicta
461 418 511 475 est
541 407 733 496 sapientiae,
773 409 848 507 quia
880 409 980 475 omnis
1013 400 1180 501 contritio
1209 410 1279 477 facit

36 532 38 537 ·
140 493 325 580 sapientem.
367 490 465 559 Juxta
480 493 625 559 Servium
654 508 746 581 τρεῖν
764 504 886 558 timere
908 493 1145 582 interpretatur.
1187 494 1277 561 Unde

135 574 486 667 juxta¹eum.'l'ritonia
508 577 599 665 quasi
620 576 791 642 terribilia
812 577 968 665 appellata
989 589 1046 645 est
1089 576 1176 663 Nam
1195 580 1275 668 quod
1311 636 1312 665 ,

114 685 162 733 aa
183 662 308 749 Libyca
329 661 445 749 palude
466 662 529 728 hoc
555 684 671 729 nomen
693 663 861 743 meruerit,
891 664 966 751 qnia
986 663 1047 729 illic
1067 684 1087 727 a
1111 662 1203 731 caelo
1226 664 1275 731 dc·
1310 722 1312 737 ,

138 769 287 815 scensum
311 747 406 812 etad
433 747 556 813 caelum
578 768 744 816 ascensum
767 746 988 829 celebraverit,
1026 746 1189 839 politicum
1210 773 1284 821 esse.
1310 760 1312 825 l

139 843 273 900 constat
315 830 399 897 Nam
419 830 552 919 legitur:
811 889 815 896 ,
961 834 964 839 ’
1310 832 1312 843 ⁴

223 917 272 985 Et
293 936 328 979 se
346 915 476 983 dilecta
504 914 666 982 Tritonia
687 914 781 982 dixit
800 912 844 981 alr
868 914 974 981 unda.

222 1003 253 1068 2.
294 1000 445 1089 Pingitur
467 1002 537 1069 sine
557 1012 659 1069 matre
680 1013 771 1080 nata,
804 1001 878 1091 quia
906 999 1061 1089 sapientia
1093 999 1165 1068 sine
1195 1000 1271 1103 prin·

96 1087 221 1176 locipio
243 1096 276 1153 et
294 1087 359 1152 fine
379 1098 437 1154 est
479 1087 560 1153 ldeo
582 1087 691 1174 virgo,
722 1088 796 1174 quia
825 1108 860 1152 sa
884 1084 980 1153 ientia
1002 1080 1118 1173 nullam
1142 1085 1209 1152 vitia
1228 1106 1270 1153 re

137 1174 212 1261 cipit
234 1192 328 1241 corru
351 1172 487 1252 tionem,
521 1171 579 1239 sed
602 1195 661 1260 per
684 1183 760 1238 etna
789 1109 912 1258 gaudet
934 1193 1057 1237 morum
1083 1170 1270 1257 integritate.

136 1259 250 1346 Fingit
268 1196 434 1325 Paludem
457 1257 632 1325 Martianus
654 1196 696 1324 de
713 1255 894 1329 sublimiore
916 1266 948 1323 et
969 1254 1186 1345 splendidiore
1203 1256 1269 1331 loco

136 1339 362 1423 descendisse,
399 1342 473 1431 quia
501 1342 646 1410 videlicet
671 1343 702 1427 ip
734 1341 871 1421 excelsis
893 1340 1046 1427 sapientia
1074 1341 1217 1425 habitat,
1243 1356 1270 1411 o

140 1451 265 1495 omnem
287 1438 434 1496 terrenae
458 1428 555 1494 faecis
577 1426 820 1526 supergraditur
841 1426 999 1494 vilitatem.
1040 1427 1154 1517 Habes
1175 1428 1271 1517 ipsam

95 1512 311 1584 indicentem:
344 1512 421 1600 Ego
450 1512 488 1575 in
514 1513 701 1576 altissimis
728 1510 903 1593 habitavi,
940 1523 975 1577 et
1003 1510 1148 1576 thronos
1181 1535 1271 1577 mens

136 1600 175 1662 in
197 1599 358 1665 colomna
379 1593 492 1660 nabis.
532 1596 677 1683 Fingunt
703 1609 736 1663 ct
757 1595 893 1663 eandem
913 1595 1002 1663 Jovis
1029 1595 1138 1662 vertici
1165 1594 1270 1683 initas

135 1683 233 1765 sisse,
266 1683 340 1771 quia
362 1678 538 1747 secundum
559 1680 698 1747 labtdam
720 1679 762 1746 de
791 1680 895 1768 capite
916 1680 1004 1748 lovis
1025 1691 1098 1747 nata
1127 1680 1270 1768 perhibe

134 1777 197 1835 tur.
249 1767 323 1842 Quo
352 1766 507 1853 figmento
537 1766 685 1846 innuitur,
715 1766 802 1854 quod
823 1788 863 1832 ex
886 1776 993 1835 mente
1014 1765 1129 1833 summi
1147 1764 1205 1831 dei
1223 1789 1270 1833 sa-

134 1852 251 1940 pientia
294 1853 442 1940 rcgenita
462 1862 519 1918 est
562 1852 658 1936 Ego,
688 1849 804 1940 inquit,
836 1875 880 1918 ea
901 1873 959 1917 ore
989 1849 1160 1916 altissimi
1185 1872 1270 1939 pro-

27 1940 33 1951 “
92 1938 220 2012 andivi.
260 1876 343 2005 dam
367 1949 400 2006 et
420 1936 506 2024 quod
528 1935 633 2003 Pallas
651 1935 719 2004 sine
741 1947 842 2004 matre
862 1934 1091 2014 introducitur,
1124 1935 1270 2015 ostendit,

123 2034 299 2090 'aeternam
330 2023 514 2111 sapientiam
546 2044 608 2088 oon
641 2044 680 2089 ex
711 2023 776 2090 aliis
805 2022 1002 2104 extantibus,
1045 2019 1104 2087 sed
1132 2043 1175 2086 ex
1197 2022 1270 2089 sun

135 2108 250 2176 stantia
283 2108 335 2175 dei
354 2109 539 2196 principium
563 2107 722 2195 habuisse.
764 2108 851 2175 Hinc
879 2108 975 2174 etiam
1004 2105 1089 2195 quod
1117 2106 1212 2195 virgo
1240 2116 1271 2175 a

134 2193 203 2259 sine
224 2202 326 2260 matre
354 2205 420 2271 est,
456 2193 652 2281 septenarius
681 2193 711 2258 ei
740 2214 891 2260 numerus
921 2200 1145 2272 consecratur,
1184 2188 1270 2280 quod

135 2277 220 2345 solus
242 2277 293 2344 ille
316 2280 398 2345 intra
419 2276 585 2344 denarium
603 2277 750 2359 limitem,
785 2279 868 2345 sicut
888 2279 920 2345 in
947 2276 1144 2343 arithmetica
1174 2276 1269 2344 tradi·

89 2373 204 2444 aotur,
234 2386 296 2431 nec
315 2364 411 2431 alium
435 2387 455 2431 a
477 2387 513 2430 se
534 2364 658 2451 gignit,
679 2387 740 2430 nec
758 2363 870 2454 ipse‘a
890 2384 1050 2451 quoquam
1071 2362 1130 2441 nisi
1151 2384 1173 2427 a
1195 2362 1270 2441 sola,

155 2472 216 2516 uae
254 2451 393 2517 omnium
431 2471 635 2516 numerorum
671 2459 774 2516 mater
808 2458 875 2528 est,
921 2457 1097 2535 generatur
1137 2448 1271 2516 unitate.

130 2473 298 2622 dagonis
320 2544 417 2624 caput
439 2536 502 2603 fert
521 2536 553 2601 in
574 2542 708 2623 pectore
727 2534 818 2637 quasi
839 2535 969 2601 terroris
989 2532 1171 2620 imaginem.
1204 2533 1270 2600 Illic

133 2620 217 2686 enim
246 2631 296 2688 est
304 2640 319 2706 ,·
351 2631 388 2688 ut
415 2621 459 2687 ait
481 2619 627 2701 Servius,
668 2642 768 2688 omms
795 2618 980 2709 prudentia,
1020 2640 1103 2721 qnae
1133 2618 1268 2685 confun-

133 2703 180 2772 dit
200 2706 295 2787 alios,
317 2717 350 2773 et
369 2704 530 2808 imperitos
550 2717 584 2773 et
604 2710 717 2784 saieos
740 2707 935 2793 comprobat
976 2703 1148 2793 'duplicem
1171 2703 1270 2775 haba

88 2802 271 2870 aaronem,
293 2814 350 2858 seu
372 2815 446 2878 qma
467 2789 567 2857 omnis
589 2791 742 2877 sapientia
762 2801 810 2857 est
832 2789 1007 2877 multiplex,
1039 2811 1097 2855 seu
1117 2786 1195 2875 quia
1215 2811 1269 2857 ce·

129 2874 203 2942 lata.
245 2876 284 2941 In
305 2875 399 2966 hujus
420 2876 519 2943 tutela
541 2886 690 2942 noctuam
709 2885 845 2963 ponunt,
884 2876 959 2964 quia
988 2873 1140 2963 sapientia
1172 2874 1267 2943 etiarn

105 2962 107 2971 '
128 2961 160 3026 in
183 2962 322 3028 tenebris
345 2963 508 3050 proprium
529 2960 688 3047 fulgorem
710 2961 880 3049 possideat.
923 2960 1048 3026 Dicitur
1066 2966 1141 3024 iero
1162 2981 1183 3026 a
1201 2960 1269 3064 plc-

127 3046 235 3149 risque
255 3046 329 3113 ideo
351 3048 394 3112 de
414 3046 531 3114 vertice
551 3045 641 3112 Jovis
660 3056 752 3127 nata,
787 3047 862 3135 quia
881 3045 913 3111 in
936 3047 1069 3111 cerebro
1089 3045 1212 3131 ingenit
1234 3056 1268 3114 et

128 3133 299 3220 saptentiae
313 3132 406 3199 sedes
422 3155 493 3200 esse
515 3131 649 3198 dicatur.
690 3133 776 3198 Hinc
798 3143 831 3200 et
852 3151 944 3198 arces
966 3130 996 3196 ei
1017 3143 1050 3198 et
1070 3130 1209 3198 editiora
1227 3154 1278 3199 ac

85 3234 121 3283 ct
129 3216 274 3284 divitiora
306 3219 429 3283 urbium
465 3217 637 3282 munimina
686 3216 820 3283 dicimus
857 3216 1046 3282 consecrari.
1105 3215 1266 3304 Legimus

83 3345 88 3352 -
126 3304 226 3368 enim:
244 3301 380 3379 ,Pallas
400 3324 485 3388 qaas
506 3301 663 3365 condidit
684 3324 781 3366 arces
803 3302 817 3364 i
842 3324 881 3364 sa
902 3301 1004 3366 colat.
1048 3299 1142 3366 Unde
1172 3313 1208 3370 et
1234 3302 1293 3369 in'

125 3389 246 3479 Trojac
268 3387 430 3454 eversione
451 3395 669 3474 competenter
701 3408 771 3451 eam
792 3324 942 3472 digitus
964 3407 1055 3451 arces
1084 3384 1161 3454 dicit
1182 3388 1265 3452 inse-

125 3474 218 3543 disse.
274 3474 344 3542 Sua
373 3473 456 3539 enim
484 3470 662 3538 numinibus
692 3492 791 3561 opera
821 3470 1049 3536 consultissime
1081 3470 1150 3538 dat'
1174 3494 1264 3538 ever·
1309 3516 1312 3529 ·

125 3559 240 3640 tenda;
268 3569 378 3647 portas
397 3558 532 3638 Junoni,
559 3577 711 3645 quarum,
743 3565 780 3622 ut
800 3555 953 3636 diximus,
984 3554 1045 3620 dea
1066 3566 1133 3636 est;
1171 3580 1264 3625 arces
1310 3532 1312 3595 l

82 3645 264 3725 aoPalladi,
301 3630 603 3731 murostteptum,
640 3642 693 3708 cui
723 3639 929 3717 fundamenta
961 3651 1035 3707 sunt
1063 3655 1264 3721 consecrata,

72 3744 80 3753 “
118 3728 215 3818 cujus
246 3740 279 3797 et
309 3728 426 3798 moveri
459 3729 608 3796 dicuntur
637 3725 775 3793 arbitrio.
807 3725 914 3805 ¹Nam
941 3736 974 3791 et
994 3728 1201 3818 epooipdoa,
1229 3728 1263 3795 id

124 3833 173 3883 est
193 3829 326 3881 terram
346 3837 499 3890 monens,
525 3824 563 3880 ut
585 3811 737 3891 diximus,
772 3810 956 3900 appellatur.
1022 3814 1026 3819 ’
1310 3864 1312 3873 .

209 3901 239 3968 3.
282 3900 335 3965 Dc
356 3897 489 3965 Pallade
517 3910 550 3965 et
573 3896 717 3966 Vulcano
740 3896 803 3962 hoc
824 3897 917 3984 lingit
940 3894 1053 3962 fabula.
1096 3890 1261 3961 Vulcanus
1278 3894 1312 3969 .,’

122 4009 220 4075 quum
241 3985 369 4052 fulmina
388 3984 460 4048 Jovi
488 3982 677 4063 fabricaret,
710 3983 751 4047 ab
774 4005 813 4047 eo
835 3982 1021 4070 permissum
1043 3979 1187 4067 accepit,
1226 3994 1262 4049 ut

61 4096 115 4143 ,45
143 4069 272 4175 uicquid
294 4070 384 4136 vellet
408 4079 633 4157 praesumeret.
681 4066 739 4133 lile
755 4066 931 4135 Minervam
963 4065 1053 4152 petiit
1075 4064 1260 4155 conjugem.

121 4098 269 4250 luppiter
306 4167 412 4224 autem
443 4154 604 4224 Minervae
632 4152 813 4241 imperarit,
857 4164 892 4223 ut
922 4151 1132 4239 virginitatem
1165 4177 1257 4223 suam
