2632 4658
142 172 236 248 sao·
460 173 644 278 osynsgf.
672 130 746 250 ur.
800 169 867 295 ro.
920 170 963 249 a.
1001 218 1023 285 Ι.
1106 124 1110 129 ’
1163 250 1170 285 ¹
1223 278 1231 291 .
1299 126 1304 145 '

139 356 227 447 jecit.
281 309 404 430 Quibus
423 356 558 445 repertis
579 355 723 447 Marsyas
743 306 877 435 canens,
906 352 1080 459 Apollinem
1107 302 1155 423 ad
1172 364 1273 423 certa

142 464 216 509 men
249 440 440 529 provocarit.
494 440 613 509 Midum
645 442 745 545 igitur
774 462 888 527 regem
923 440 1066 531 judicem
1099 441 1273 530 elegerunt,

78 528 82 547 ¹
144 542 238 616 quem
256 525 385 616 Apodo,
417 525 504 616 quod
524 525 641 617 injuste
660 526 850 615 podiensem,
880 526 1005 592 asininis
1026 526 1157 593 auribus
1179 526 1273 594 dede-

54 666 59 679 .
146 611 276 678 curarit.
325 611 358 678 Is
379 612 515 679 criminis
536 613 585 678 sui
607 619 713 680 notam
730 610 865 677 tonsori
896 622 1019 679 tantum
1047 612 1206 694 ostendit,
1236 612 1273 689 ei,

122 713 183 764 out
202 708 342 773 taceret,
362 710 485 784 partem
506 697 656 787 pollicens
674 696 776 784 regni.
818 695 875 761 lile
895 696 1000 763 celare
1020 698 1193 786 nequiens,
1217 712 1272 763 nee

110 862 115 871 ἱ
146 783 250 871 palam
269 781 416 870 proferre
435 805 551 864 ausus,
582 795 700 850 terram
720 780 818 861 fodit,
847 781 929 847 etin
950 780 1081 849 defosso
1110 787 1180 848 iem
1202 780 1272 850 dixit

146 882 179 936 et
205 866 338 956 operuit.
388 869 427 934 ln
459 868 573 934 eodem
600 868 673 935 ioco
708 866 847 947 calsmm
875 876 970 933 uatus
1001 879 1068 949 est,
1102 867 1192 947 unde
1220 866 1272 935 sibi

107 948 112 959 '
146 965 255 1041 pastor
283 951 412 1040 qnidam
438 952 573 1021 fistulam
612 954 704 1034 fecit,
747 974 830 1042 quae
856 974 1025 1040 percussa:
1060 976 1139 1027 rex,
1168 952 1271 1041 iuquit,

152 1037 273 1104 Midas
294 1037 454 1102 asininas
483 1060 587 1105 aures
607 1037 719 1106 babet.
772 1037 828 1104 Sic
858 1059 940 1126 ergo
961 1039 1010 1105 Or
1031 1036 1110 1105 bens
1130 1038 1163 1105 in
1190 1039 1273 1106 tbeo-

110 1123 250 1210 logouia
277 1121 394 1189 scribit
447 1125 474 1190 Α
505 1123 632 1191 musicis
656 1124 739 1190 haec
769 1133 895 1210 reperta
921 1133 971 1190 ost
1011 1123 1113 1189 abula.
1168 1123 1273 1190 Musioi

147 1209 230 1274 enim
248 1206 330 1274 dnos
349 1209 426 1275 artis
446 1229 524 1275 suae
545 1219 720 1297 posuerunt
733 1207 881 1289 ordines3
907 1209 1033 1275 tertium
1048 1206 1166 1274 deinde
1181 1210 1273 1275 mino·

11 1307 16 1321 ¹
145 1294 189 1360 ris
218 1293 373 1361 valentiae
401 1293 603 1385 adjeceruntr
634 1294 843 1374 canticorum,
877 1293 1126 1360 citharizantium
1156 1304 1190 1367 et
1210 1294 1273 1367 tibi·

70 1450 73 1456 ,
147 1380 298 1447 nantium.
354 1380 462 1446 Prima
489 1401 570 1468 ergo
604 1391 654 1448 est
672 1402 732 1448 vox
754 1379 840 1458 riva,
873 1380 1014 1470 quaein
1043 1380 1192 1446 omnibus
1221 1378 1273 1447 sibi

146 1465 275 1531 musicis
291 1466 531 1532 necessitatibus
548 1465 713 1531 celerrime
726 1464 878 1531 subvenit.
920 1462 1071 1531 Secunda
1085 1476 1134 1532 est
1149 1464 1274 1545 cithara,

107 1571 234 1636 loquae
271 1570 369 1636 quum
401 1552 432 1615 iu
470 1549 574 1617 multis
607 1550 707 1617 rivam
730 1571 851 1637 'rocem
886 1550 1094 1639 aequiparare
1125 1549 1276 1628 ridentur,

148 1634 252 1722 aliqua
277 1647 384 1700 tamen
413 1657 476 1700 non
503 1635 630 1724 implet,
666 1656 749 1724 quae
778 1634 845 1701 vira
872 1656 933 1701 vox
962 1646 1077 1724 potest.
1129 1639 1175 1702 At
1207 1656 1277 1701 uero

148 1720 224 1786 tibia
246 1718 295 1784 rix
317 1718 392 1785 artis
412 1719 566 1786 musicae
595 1730 717 1809 partem
746 1730 921 1788 extremam
946 1721 1078 1787 sufficit·
1097 1718 1277 1808 adimplere

145 1805 200 1870 De
218 1804 357 1893 quinque
378 1807 462 1872 enim
482 1830 497 1872 s
520 1805 683 1909 mpboniis‚
703 1826 782 1893 quas
800 1805 868 1874 vira
886 1827 948 1871 vor
963 1806 1011 1873 rel
1027 1805 1149 1873 cithara
1167 1804 1277 1889 reddit¹

62 1904 67 1922 “
145 1890 223 1957 tibia
245 1891 294 1957 rix'
316 1912 411 1958 unam
433 1902 466 1958 et
508 1890 646 1958 imrdiam
668 1892 801 1980 perficit
852 1890 995 1957 Minerva
1015 1890 1140 1981 itaque,
1179 1888 1214 1958 id
1234 1900 1278 1958 est

106 1975 252 2062 eoaiiqua
280 1998 417 2065 persona
439 1977 583 2065 sopiens,
610 1977 757 2045 tibiarum
786 1977 926 2042 nondum
947 1988 1079 2066 experta
1109 1974 1279 2056 desectum.

147 2083 203 2126 eas
226 2060 355 2148 quidem
376 2062 552 2141 adinvenit:
582 2082 662 2150 quas
694 2075 800 2130 tamen
823 2060 969 2148 cognitas
991 2059 1279 2129 omnis-doctusin

146 2146 275 2212 musicis
297 2159 428 2237 propter
451 2144 602 2213 sonorum
623 2147 745 2236 respuit
767 2155 997 2248 paupertatem.
1049 2146 1186 2214 Inflatus
1208 2166 1279 2213 rero

147 2232 268 2297 buccas
302 2232 345 2296 dii
380 2232 485 2298 risisse
512 2231 680 2311 dicuntur,
724 2254 798 2335 quta
828 2231 905 2299 tibin
932 2242 1062 2301 ventose
1087 2231 1119 2296 in
1154 2231 1280 2299 musicis

148 2327 257 2394 sonet,
290 2329 324 2383 et
345 2318 536 2399 artificiosae
555 2316 757 2384 flexibilitatis
790 2338 905 2383 vocum
932 2339 991 2405 pro
1014 2319 1128 2384 rietate
1158 2318 1281 2395 amima,

106 2414 141 2464 eo
150 2425 217 2467 rem
237 2404 344 2489 potius
366 2384 469 2470 sibilet
490 2424 584 2491 quam
597 2401 717 2468 musice
736 2401 926 2469 moduletur.
1005 2402 1086 2468 erito
1098 2420 1194 2488 ,ergo
1214 2424 1281 2469 eam

148 2487 244 2552 nimio
265 2489 344 2554 flatu
365 2498 632 2577 perstrepentem,
665 2488 766 2553 omnis
793 2486 900 2576 quiin
924 2496 1000 2563 ,arte
1017 2486 1139 2554 musica
1170 2488 1281 2555 doetus

150 2583 217 2651 est,
239 2572 331 2639 ridet.
377 2573 472 2639 Unde
493 2584 527 2639 et
545 2573 706 2654 Minerva,
731 2571 765 2637 id
786 2576 835 2640 es't
855 2572 1025 2659 snpientia.
1057 2575 1283 2661 exprobratam

149 2657 257 2722 tibiam
278 2657 418 2745 proiicit,
449 2680 545 2745 quam
573 2670 679 2725 tamen
712 2656 858 2745 Marsyas
878 2657 983 2724 sumit
1031 2658 1180 2746 Marsyas
1202 2659 1281 2725 euin

149 2741 282 2805 stultns
310 2742 554 2828 interpretatur,
589 2742 642 2830 qui
667 2740 758 2809 solus
778 2741 811 2806 in
832 2751 903 2808 arte
920 2742 1041 2808 musica
1059 2742 1172 2809 tibiam
1191 2764 1281 2833 prue-

74 2839 77 2843 ·
107 2833 271 2975 sopongre
291 2827 387 2894 voluit
408 2827 565 2909 eitharae;
600 2825 687 2896 nude
707 2838 740 2895 et
760 2848 833 2894 eum
852 2826 984 2916 porcina
1005 2828 1119 2895 merito
1139 2828 1282 2925 pingitur

149 2931 209 2976 can
233 2933 262 2976 a.
598 2940 600 2945 ·
830 2936 833 2945 ·

180 2982 207 2995 '¹
233 2998 265 3063 8.
309 2997 376 3064 Sed
399 2997 592 3066 certantibus
621 2995 726 3064 Midas
746 2997 910 3089 imperitus
942 2996 1059 3066 assidet
1071 2995 1197 3103 judex.
1233 2998 1282 3089 qut

150 3081 245 3149 etiam
282 3083 377 3148 nibil
410 3084 521 3149 sciens
551 3084 783 3170 interpretatur.
842 3085 907 3151 Hic
941 3098 974 3151 et
1004 3085 1150 3150 asinini&
1169 3084 1282 3153 dicitnr
1308 3109 1309 3116 ¹

152 3167 298 3248 auribus,
333 3168 407 3255 quia
426 3169 527 3234 omnis
550 3168 749 3235 discernendi
769 3191 881 3272 expers
901 3169 973 3235 nihii
993 3172 1034 3234 ab
1056 3170 1148 3237 asino
1169 3170 1283 3237 differt.

109 3254 207 3317 roob
236 3253 320 3317 hanc
347 3274 427 3329 rem,
446 3265 479 3319 et
505 3275 616 3320 servus
648 3254 717 3343 ejus
745 3252 954 3321 auucularnm
993 3253 1134 3321 dedecus
1172 3256 1283 3323 dicitur

150 3335 337 3425 prodidisse.
379 3337 548 3426 Ingenium
568 3339 649 3404 enim
674 3350 833 3417 nostrum,
863 3349 898 3406 ut
918 3338 1053 3427 legitur,
1078 3361 1208 3409 serrum
1230 3342 1282 3409 bs·
1308 3379 1316 3423 ι

153 3428 230 3489 bere
263 3422 419 3490 debemus
454 3422 496 3489 ad
533 3423 638 3489 omnia
675 3445 760 3511 quae
787 3425 931 3491 volumus
966 3426 1219 3515 obsequentem,
1244 3435 1283 3495 „et

151 3519 277 3574 secreta
311 3521 419 3575 nostra
450 3518 544 3574 caute
579 3510 742 3576 celantem.
796 3510 910 3576 Canna
938 3514 1061 3587 autem,
1097 3528 1162 3598 per
1191 3532 1282 3603 quam

152 3593 295 3660 dedecus
314 3593 389 3659 itud
414 3606 463 3661 est
485 3594 658 3682 prolatum,
686 3594 825 3696 gutturis
846 3593 1006 3680 significat
1032 3596 1198 3678 fistulam,
1230 3616 1284 3689 per

111 3699 248 3766 coquam
277 3679 409 3766 loquens
444 3701 535 3759 suam
563 3678 669 3782 prodit
694 3679 914 3766 ignorantiam.
969 3681 1087 3748 Pastor
1122 3704 1202 3751 vero
1235 3649 1316 3785 prii

156 3763 261 3845 audit,
290 3786 347 3829 eos
368 3764 421 3853 qni
442 3763 593 3831 doctrinis
616 3765 737 3831 animos
759 3772 901 3851 'pascunt
923 3762 1088 3852 designat,
1124 3768 1185 3857 qni
1252 3788 1284 3833 nr

153 3849 244 3935 primi
274 3848 427 3915 inscitiam
461 3844 748 3938 deprehenderunt.
806 3848 898 3916 Idem
924 3848 1045 3925 Midas,
1085 3860 1121 3920 ut
1153 3788 1284 3919 otides

153 3934 283 4013 refert.
302 3956 327 3998 a
337 3932 474 4000 Baccho
496 3935 586 4022 petiit
605 3946 638 4001 et
655 3934 850 4039 impetravit,
886 3945 922 4001 ut
942 3933 1093 4037 quicquid
1113 3938 1283 4025 tetigisset.

154 4039 265 4083 eurum
289 4019 390 4083 beret.
444 4019 541 4093 Quod
561 4026 675 4089 munus
695 4043 727 4086 m
760 4020 909 4087 ultionem
939 4042 967 4084 er
1000 4042 1193 4089 conversum
1225 4034 1285 4099 estt

7 4162 11 4181 ,
110 4102 302 4188 nequicquid
337 4103 420 4168 enim
455 4104 622 4192 tetigerat,
659 4104 692 4170 in
727 4127 841 4172 aurum
878 4106 1131 4191 convertebatur.
1188 4108 1284 4176 Cibus

152 4210 280 4277 quoque
301 4211 340 4257 ao
359 4190 508 4278 potusin
530 4192 598 4259 ouri
617 4191 782 4261 materiam
801 4192 1022 4280 nurmorabat.
1065 4190 1184 4283 ltaque
1205 4192 1283 4263 idem
