2632 4658
313 108 516 275 aalma
543 172 596 251 ιι,
631 171 729 299 aaa
758 172 849 255 ιιι.
1085 116 1205 259 ras

356 357 450 435 aaa.
504 357 717 461 amycus·
745 316 843 435 ies(

52 486 269 589 gdmpcus,
310 487 491 576 Bebryciae
522 510 599 569 rex,
636 487 785 577 Neptuni
822 500 856 557 et
891 489 1034 581 illelopes
1073 494 1165 581 libna,

50 592 205 660 emperia
224 571 387 661 Bebrycio
410 593 541 639 nemore
566 572 696 641 insidias
717 584 846 641 secutus
866 588 953 653 erat,
970 624 972 629 .
987 588 1022 644 ut
1040 578 1069 645 ai
1088 582 1160 667 quis

50 669 106 724 »rte
124 656 251 723 advena
268 657 342 724 illac
363 655 544 736 deveniret,
576 661 618 725 ab
647 682 687 725 eo
708 671 853 726 cestuum
880 675 1074 749 provocatas
1092 686 1163 731 cer-

50 744 138 808 mine
161 743 332 811 interiret.·.
358 743 456 819 Quod
478 766 576 831 quum
596 743 651 810 diu
671 744 734 833 jam
756 744 894 826 laceret,
925 747 1066 827 Pollam,
1088 771 1188 821 cums

50 830 216 915 rgonautis
229 829 422 918 Bebryciam
441 850 543 916 nuper
559 830 702 918 appulso,
723 852 898 917 provocans
912 836 996 912 eum,
1007 894 1009 899 .
1022 854 1162 923 congre-

52 927 115 983 tnr.
161 916 274 1005 Aqua
291 914 406 1007 eodem
427 913 601 985 certamine
620 926 790 1007 superatus
809 916 1006 988 interficitur.
1167 922 1170 927 '

367 1081 508 1161 Ι141.
561 1086 765 1163 Venus.

105 1212 241 1281 Veneris
280 1226 314 1284 et
343 1216 456 1285 Martis
486 1214 641 1284 adulterio
670 1236 690 1281 a
721 1213 798 1279 Sole
826 1212 955 1301 detecto
990 1210 1160 1307 postquam

50 1296 187 1367 ulcanus
217 1303 327 1369 ambos
360 1302 392 1369 in
416 1301 500 1369 lecto
536 1301 655 1368 eatenis
677 1299 888 1367 minutissimis
916 1300 948 1366 in
963 1298 1094 1368 ‘Lemno
1113 1304 1205 1368 in-lo

51 1384 106 1467 la,
142 1385 197 1451 ubi
227 1387 297 1489 ipse
330 1386 459 1467 colitur,
494 1386 613 1466 cinxit3'
646 1407 743 1468 quum
773 1384 831 1452 diis
852 1386 997 1452 omnibus
1019 1384 1161 1456 decimas

50 1493 154 1559 ngum
174 1492 263 1539 annas
283 1470 440 1539 solverent
461 1470 610 1561 singulis,
632 1469 730 1537 solam
751 1470 909 1538 Venerem
932 1470 1097 1553 mulieres,
1118 1473 1162 1559 ,in

50 1578 178 1621 morem
201 1558 332 1643 Vulcani
354 1559 396 1622 ob
418 1556 605 1625 adulterium
622 1555 827 1638 damnantes,
848 1556 1162 1645 praetermittendam
1194 1630 1199 1643 ¹

53 1665 93 1707 se
119 1638 296 1711 'dixerunt
345 1643 438 1717 Quae
468 1642 551 1710 irata
587 1642 653 1721 his¹
671 1640 803 1711 odorem
837 1642 965 1708 immisit
995 1642 1160 1710 hircinum.
1195 1646 1198 1659 ²

50 1724 119 1792 nde
142 1728 243 1795 mariti
264 1751 320 1797 eus
341 1730 562 1808 exsecrantes,
589 1726 716 1794 deserta
735 1725 860 1792 Lemno
883 1724 1055 1816 conjugum
1076 1726 1203 1811 adio,1s

51 1813 170 1877 bracas
201 1814 395 1900 petiverunt,
429 1834 603 1899 eorumque
635 1812 695 1877 sibi
721 1810 800 1877 filias
831 1811 1162 1903 ascivere'conjugio.

51 1897 197 1975 uod,ubi
224 1898 453 1979 Lemniadibus
482 1900 695 1985 compertam¹
715 1906 785 1976 est,
818 1896 996 1962 stimulante
1026 1899 1164 1979 Venere,

82 1980 185 2063 ‚omne
213 2005 321 2073 genus
355 1983 439 2049 virile
472 1982 653 2060 eon'urant,
697 1993 875 2057 remeantes
899 2004 939 2046 ue
968 1981 1174 2073 es'l'hraeia¹

50 2088 104 2135 ros
135 2072 243 2134 omnies
274 2068 465 2140 interimunt.
514 2009 603 2136 linter
631 2088 709 2161 quas
736 2004 913 2173 prsipyle
940 2066 1025 2159 sola,
1058 2066 1159 2159 patris

53 2153 179 2220 boantis
209 2156 356 2235 miserta,
388 2175 451 2225 non
480 2150 631 2220 salomei
666 2162 817 2238 ¹epercrt,
849 2174 957 2219 rerum
988 2150 1083 2219 'etiarn
1106 2152 1202 2231 lu-ao

50 2238 163 2304 lentem
187 2238 328 2309 additus
358 2251 529 2328 prosecuta
551 2248 609 2319 est.
652 2175 749 2309 lund
771 2237 913 2304 Thoanti
940 2237 1039 2303 Liber
1062 2238 1164 2324 (scili-

50 2334 77 2391 st
98 2335 190 2410 pater
212 2323 300 2414 ejus)
322 2324 479 2403 occurrit,
508 2344 645 2410 eramque
661 2322 707 2388 a'd
728 2321 861 2389 insulam
883 2322 987 2389 Ohion
1009 2344 1165 2411 prospera

50 2408 239 2494 irrigatione·
256 2409 415 2498 perduxit.
457 2410 612 2483 Lemnon
638 2410 845 2493 Argonautae
875 2421 1048 2491 venerunt,
1106 2431 1165 2477 uos

50 2492 216 2561 lemniades
236 2496 444 2582 suscipientes
466 2495 698 2583 hospitia-cum
713 2494 760 2558 his
776 2494 1035 2577 concubuerunt:
1105 2516 1164 2582 yp-

50 2580 124 2667 pyle
144 2602 185 2645 er
203 2581 319 2649 lesone
332 2580 421 2649 duos
444 2580 525 2648 lilios
547 2578 736 2667 procrearit,
750 2578 899 2645 Euneum
914 2590 946 2645 et
958 2578 1199 2665 Thoantem&

50 2686 132 2736 ,num
152 2677 260 2731 eutem
272 2669 488 2751 ÷Argonautae
509 2664 648 2754 plurimis
676 2664 718 2731 ibi
735 2726 739 2733 ,
754 2662 868 2749 diebus
895 2660 1017 2747 detenti
1044 2674 1163 2747 essent,

50 2750 421 2839 aflereule-'objnrgati-
441 2750 665 2831 discesserunt.
715 2746 910 2817 Lemniades
938 2760 1045 2835 autem
1061 2760 1164 2838 post-

50 2856 119 2905 uam
138 2835 373 2918 intellexerunt,
405 2835 603 2926 Hypsipylen
624 2846 746 2922 patrem
766 2857 860 2901 suum
878 2856 1038 2916 servasse,
1065 2835 1163 2902 inter·

50 2942 122 2991 cere
151 2942 221 2986 eam
251 2932 385 2988 conatae
412 2933 495 2988 sunt.
551 2921 608 2987 Illa
644 2917 721 2985 dum
754 2920 858 3007 fugit,
897 2942 916 2985 a
946 2917 1162 3010 praedonibus

50 3017 120 3092 apta
139 3005 171 3069 in
200 3005 357 3073 Nemeam
392 3004 559 3094 deportata
588 3014 653 3084 est,
695 3014 728 3070 et
758 3026 778 3069 a
809 3006 986 3106 Lycurgo,
1019 3005 1206 3093 regionisap

50 3091 102 3156 ius
135 3090 223 3178 regi,
261 3092 293 3156 in
322 3093 503 3161 servitutem
524 3090 686 3163 distracta.
738 3088 777 3159 In
799 3112 888 3177 cupos
916 3090 1042 3159 servitio
1065 3112 1163 3177 quum

50 3175 121 3259 lium
145 3174 321 3263 Ophelten,
356 3178 410 3264 qui
442 3185 517 3263 post
543 3166 756 3241 Archemorus
788 3173 892 3245 dietus
914 3184 981 3256 est,
1018 3177 1164 3256 nutriret,

50 3278 105 3325 ner
123 3257 263 3341 dracone
284 3262 383 3365 periit.
426 3263 500 3337 Qun
521 3260 657 3327 orbitate
677 3281 732 3326 rex
752 3260 869 3341 iratus,
891 3257 967 3333 dum
987 3260 1019 3327 in
1042 3259 1164 3349 Hypsi-

50 3344 119 3434 plen
136 3344 336 3448 jus'dommii
351 3347 442 3414 vellet
462 3367 625 3421 exercere,
649 3368 783 3433 eamque
799 3346 864 3411 filio
877 3345 1006 3411 inferias
1026 3345 1162 3424 mittere,

50 3430 200 3497 rohibrtus
221 3443 270 3503 est
290 3454 309 3497 a
333 3432 487 3513 Graecis,
520 3433 635 3518 quibus
656 3431 777 3496 fontem
807 3430 1016 3511 sitientibus,
1037 3430 1206 3506 interimas

50 3538 103 3581 um
143 3537 223 3603 puer
258 3517 368 3607 periit,
414 3518 485 3606 ipsa
527 3516 762 3595 demonstravit.
818 3514 937 3603 Graeci
980 3526 1087 3583 autern
1123 3536 1164 3583 ex

50 3622 185 3750 stt?
199 3624 372 3752 thath
401 3598 804 3759 ‘titulabitur
827 3598 1165 3755 titillat}

49 3771 177 3837 rnebres
212 3709 438 3837 condiderrlnll
490 3769 614 3842 Quibus
653 3769 734 3837 ludis
769 3768 965 3863 Hypsipyles
1003 3768 1070 3837 duo
1096 3769 1163 3850 tilii,

49 3877 106 3921 nos
130 3877 169 3921 ex
191 3856 306 3922 Iasone
333 3856 462 3935 habuit,
495 3854 685 3935 intererant,
721 3877 802 3942 quos
833 3855 961 3940 lugiens
982 3854 1109 3942 reliquit
1128 3856 1204 3926 into

50 3962 172 4021 uemnog
205 3942 258 4028 qui
281 3951 315 4008 et
334 3941 395 4031 ipsi
422 3952 555 4006 matrem
583 3952 789 4026 quaerentes,
822 3938 981 4008 currendo
1010 3940 1163 4009 vicerunt

50 4031 173 4100 tuorum
216 4027 342 4093 nomina
385 4048 504 4113 praeco
541 4046 639 4111 quum
658 4024 928 4113 pronuntiasset*
956 4022 1113 4089 Iaeouia'
1128 4033 1164 4090 et

50 4109 243 4199 lypsipyles
253 4109 356 4197 filios
379 4134 462 4185 esse,
483 4121 585 4177 mater
605 4134 662 4176 eos
677 4109 841 4196 ,cognovit
884 4111 989 4187 Quam
1012 4109 1163 4197 agnitam,

50 4206 158 4264 rorata
180 4215 280 4284 rege,
301 4219 376 4265 ιιιοι
396 4196 554 4269 Lemnum
576 4196 780 4267 reduxerunt
1079 4212 1091 4227 “
