2632 4658
435 181 543 265 oanis
585 206 813 269 nuscnurro.
916 282 919 289 ¹
1161 210 1200 264 u

51 372 145 441 nullo
170 372 364 464 'malignitas
391 373 595 471 inseritur,
612 375 658 461 ita
682 388 793 471 neque
809 372 944 465 'pulices
964 397 1075 466 neque
1095 376 1199 467 pedu·

51 462 124 528 cios
157 482 270 551 neque
298 457 432 526 cimices
460 471 517 527 aut
544 462 673 552 aliquid
728 460 873 527 undeet
902 461 1040 527 noxium
1078 462 1201 529 habere

53 556 206 638 possunt.
260 544 466 613 Vestimenta
495 570 625 613 eorum·
647 484 817 613 sordidare
835 546 1019 632 nesciunt,
1053 549 1143 637 quod
1169 547 1201 615 si

54 631 252 785 copitiigerp'itt,
265 648 335 721 'per
353 632 465 723 ignem
485 633 567 701 solis
586 634 730 701 loturam
750 643 946 723 otpectants
966 632 1086 699 erdem
1109 632 1200 700 enim

59 744 92 784 m
141 740 182 783 or
238 762 248 781 0
373 766 376 773 ¹
402 738 412 759 .
1247 740 1251 755 Ι

138 822 175 888 4.
220 820 308 887 Sunt
331 828 441 885 autem
464 832 551 912 ¹aput
587 846 644 889 eos
672 822 799 912 lapides
827 819 966 927 pretiosi
980 820 1009 911 ¹)
1036 831 1071 886 et
1101 820 1200 907 varii,

55 912 120 974 hoc
140 918 192 973 cst
220 906 403 996 smaragdi,
433 908 645 1011 margaritae,
672 907 863 999 hyacinthi,
893 905 1135 991 carbunculus,
1167 919 1203 975 ct

56 994 234 1085 saphirus
270 990 306 1058 in
336 993 516 1061 montibus.
574 992 706 1078 Quibus
742 1018 858 1075 omnes
891 992 1073 1075 seeundum
1110 994 1201 1060 hunc

54 1106 88 1146 m
133 1104 190 1145 um
207 1076 419 1143 habundautz
443 1079 627 1155 decurrens
647 1080 738 1161 cuim
757 1080 879 1147 fluvius
900 1077 1017 1143 dicbus
1037 1103 1077 1144 ac
1096 1079 1200 1145 nocti·

56 1168 142 1249 bus,
181 1174 327 1231 montem
346 1162 531 1249 abscindit,
563 1177 597 1233 et
615 1165 709 1233 illius
729 1175 839 1231 crusta
858 1186 1018 1255 aquarum
1041 1162 1202 1253 impetum

56 1250 168 1317 trahit.
210 1246 344 1315 Astutia
371 1272 450 1315 vero
476 1251 584 1341 gentis
615 1253 700 1319 hanc
721 1250 849 1317 invenit
866 1258 991 1335 utem,
1017 1274 1080 1339 per
1101 1274 1203 1341 quam

57 1361 143 1431 quac
163 1334 241 1405 inde
262 1336 524 1401 exemenonem
546 1337 673 1429 possita
707 1337 865 1421 iacientes
893 1333 997 1420 retia,
1033 1334 1123 1402 etin
1143 1360 1201 1401 an·

57 1432 152 1514 gusta
173 1420 266 1487 duvii
288 1420 360 1485 loca
406 1432 569 1506 onentcs,
602 1448 643 1489 ea
661 1446 746 1515 quac
783 1423 824 1489 de
846 1420 1011 1511 superiori
1030 1431 1124 1512 pa'rte
1145 1422 1200 1489 de·

58 1508 243 1591 scendunt,
265 1506 356 1571 sinc'
391 1506 636 1587 'difficultate
658 1506 856 1598 suscipiunt.
1067 1542 1073 1553 ·

141 1620 191 1713 5.¹
220 1628 261 1695 ln
281 1640 370 1699 tanta
390 1624 469 1722 ergo
490 1630 649 1699 felicitate
675 1634 844 1717 viventes,
872 1654 935 1705 uec
969 1632 1121 1707 laborint
1140 1633 1201 1707 sii·
1244 1636 1247 1641 ’

59 1738 125 1806 qus
146 1714 334 1783 infirmitate
354 1727 413 1807 aut
442 1716 649 1809 aegritudine
680 1730 851 1787 vexantur
858 1743 870 1802 3
904 1718 1013 1785 solum
1028 1720 1043 1735 ”
1089 1718 1141 1803 od¹
1160 1720 1204 1801 de

59 1824 198 1891 corpore
225 1814 369 1889 exeunt,
405 1803 464 1868 sed
496 1800 584 1871 diem
617 1802 728 1871 obitus
761 1814 841 1881 unte
873 1814 1013 1871 mortem
1066 1806 1206 1872 theutes

58 1888 327 1979 praecognitum
360 1911 475 1955 omnes
496 1889 586 1955 cuim
605 1900 738 1973 centum
758 1910 920 1973 annorum
940 1890 1132 1965 moriuntur¹
1169 1900 1204 1967 et

59 1972 164 2039 maior
185 1972 323 2041 minoris
344 1983 482 2049 mortem
502 1997 570 2067 non
589 1974 700 2059 videt,
736 2000 799 2071 nec
827 1985 986 2079 parentes¹
1001 1976 1089 2069 filios
1108 1935 1202 2065 pian-

61 2070 155 2149 gunt.
208 2058 293 2125 Cum
320 2082 411 2150 ergo¹
428 2058 610 2152 unicuique
641 2060 780 2137 illorum
807 2058 878 2127 dies
893 2126 898 2135 ,
911 2060 1026 2127 mortis
1057 2062 1204 2165 coeperit

60 2144 307 2247 propinquare,
328 2145 415 2233 facit¹
427 2144 494 2233 sihi
514 2148 751 2239 sarcophagum
766 2171 817 2237 ..⁰3¹
834 2140 1038 2251 monentibus
1060 2154 1202 2251 vamum,

61 2241 405 2401 ΐὲῖἲΐίἶᾷξῗὶοἵῗῖ
423 2229 1203 2407 ¹533?ttttttzat.qt¹¹.ti¹l⁰tt.ti;

61 2400 102 2489 in¹
118 2402 233 2469 eodem
254 2426 291 2467 se
312 2404 511 2493 sarcophago
531 2405 639 2495 ponit,
662 2414 695 2470 et
715 2404 761 2471 ita
781 2428 856 2470 cum
875 2404 1048 2469 securitate
1062 2404 1206 2470 maxima

61 2496 195 2554 naturae
236 2486 382 2553 debitum
417 2489 534 2555 reddit.
591 2490 637 2556 Et
672 2492 754 2556 haec
791 2489 925 2579 quidem
958 2490 1058 2555 huius
1136 2490 1203 2557 ntis

61 2574 160 2639 bona.
204 2573 373 2639 Habitatio
394 2583 502 2641 autem
523 2599 638 2642 eorum
659 2587 709 2641 est
734 2576 943 2643 mansionum
965 2574 1067 2643 LXX
1087 2580 1131 2643 ².
1197 2602 1205 2620 ³

145 2714 182 2779 o.
226 2712 308 2779 Post
330 2714 415 2780 hanc
436 2722 566 2806 gentem
588 2738 630 2783 cx
650 2716 716 2781 alio
738 2716 840 2782 latere
867 2714 1088 2783 Brachmanas
1117 2716 1202 2783 refe·

62 2807 140 2865 runt
160 2799 327 2883 hahitare,
351 2801 411 2889 qui
431 2812 465 2867 et
485 2800 551 2906 ipsi
571 2827 645 2870 curn
667 2801 734 2869 sint
754 2800 827 2867 sinc
839 2798 1000 2892 imperio,
1020 2802 1206 2879 vicinorum

62 2882 242 2957 bonitatem
261 2895 424 2972 tenentes,
445 2888 588 2957 feliciter
609 2887 735 2954 vivunt.
778 2886 824 2953 Et
843 2898 895 2953 est
914 2888 1072 2955 habitatio
1089 2913 1204 2957 corum

63 2970 271 3055 mansionum
290 2970 335 3036 V.
837 3044 840 3049 ,

146 3076 181 3139 7:
224 3074 306 3141 Post
331 3078 392 3142 hos
421 3076 484 3143 alia
515 3100 595 3167 gens
629 3100 712 3167 quae
741 3088 876 3145 vocatur
910 3065 1032 3161 Emer,
1071 3087 1104 3143 ct
1131 3075 1204 3165 ipsa

62 3159 135 3226 sine
156 3159 295 3250 imperio
315 3162 429 3228 vivens
471 3161 665 3255 regulariter
687 3162 858 3255 transigit,
888 3175 922 3231 et
939 3164 1064 3231 habitat
1083 3173 1203 3229 terram

62 3245 268 3312 mansionum
309 3246 374 3314 XL
444 3294 453 3314 .

147 3367 184 3431 8.
227 3367 309 3435 Post
329 3372 390 3435 hos
412 3369 523 3461 regio,
558 3392 643 3474 quac
671 3368 858 3458 appellatur
889 3366 1026 3450 Nehus,
1059 3366 1124 3432 ubi
1140 3366 1204 3433 iam

63 3459 276 3537 tyrannorum
296 3456 501 3546 principatus
520 3453 551 3544 ι)
571 3455 761 3536 invenitur,
781 3464 814 3519 et
834 3453 960 3543 regitur
975 3477 994 3517 a
1008 3453 1203 3534 maioribus,

63 3546 97 3601 et
120 3548 172 3603 est
192 3539 399 3607 mansionum
419 3542 497 3607 LX.
542 3542 602 3607 Isti
633 3550 666 3605 et
694 3538 856 3605 seminant
888 3548 921 3603 et
949 3548 1095 3603 metunts
1129 3562 1203 3603 uam

63 3642 164 3714 supra
179 3624 285 3691 dietae
305 3637 442 3718 gentes,
474 3627 547 3693 sine
573 3626 779 3709 Camarinis,
807 3623 914 3715 pomis
942 3625 1148 3721 transigunt,
1171 3632 1207 3689 et
1232 3664 1245 3676 -

66 3776 195 3791 m

137 3852 169 3919 t)
192 3853 312 3923 Respicit
338 3855 433 3905 iterum
465 3851 500 3904 ed
530 3828 716 3905 sacra'biblis
748 3854 838 3903 noster
867 3856 968 3904 auctor.
1019 3850 1086 3905 liam
1112 3866 1204 3916 geum.

64 3939 124 3993 cop.
143 3925 183 3990 ll,
202 3929 237 3977 12
264 3926 308 3978 ubi
327 3925 360 3978 de
377 3924 428 3977 illis
445 3928 556 3989 quatuor
573 3921 719 3974 fluminibus
737 3921 815 3995 etde
834 3920 908 3975 Edon
925 3937 1011 3975 sermo
1029 3928 1078 3987 est,
1095 3920 1201 3977 dicitur:

62 4004 314 4138 {wiffam
332 3994 407 4047 illius
425 3992 553 4064 optimum
577 4002 637 4054 σείς
662 3991 751 4065 ibique
767 3991 904 4047 invonitur
930 3992 1055 4045 bdellium
1078 4002 1105 4044 et
1132 3992 1204 4062 lupis

135 4158 169 4225 Β)
187 4157 290 4211 Mansio
307 4157 460 4224 intelligitur
478 4155 555 4210 unius
571 4154 624 4209 dici
642 4155 701 4210 iter.

66 4256 84 4310 ξ·
141 4246 172 4313 a)
191 4244 257 4307 cod.
274 4255 452 4317 tymnnorum
466 4245 628 4319 principum.
