2632 4658
117 156 197 233 mo
413 160 595 270 npuogr.
625 159 675 233 11.
732 131 985 233 rar-'rso
1082 163 1086 168 ·

57 373 61 377 ·
88 364 91 371 ¹
118 352 153 409 et
201 327 313 410 ecunia
340 351 408 411 tou
438 352 513 408 ante
542 363 579 406 sc
609 306 792 419 adsueram,
823 338 899 407 dixit
929 354 1049 428 aegro!
1087 338 1161 404 nisi
1190 350 1253 404 tua

117 367 308 503 conludius,
337 425 429 492 nilril
447 425 581 503 distat,
603 424 707 512 same
731 447 778 488 un
800 422 914 489 morbo
933 447 1067 513 pereas.
1100 422 1166 493 ¹Illa
1188 424 1252 512 epi-

117 511 236 598 guars,
268 512 347 605 quis
366 509 486 575 tollit?
521 508 580 588 ait,
616 521 649 576 et
671 508 807 576 salvatus
830 520 887 576 est
1044 518 1047 529 ⁴

322 695 418 774 227.
471 696 725 773 Columbae
762 670 1047 787 Dodonaeae.
1077 634 1086 641 ·

92 836 111 884 ⁵
139 862 141 867 v
203 827 342 895 Dodona
371 827 478 894 civitas
508 822 567 894 est'
585 828 693 915 Epiri,
722 828 815 917 juxta
844 849 939 916 quam
969 839 1018 896 est
1050 825 1142 905 silio,
1172 782 1275 915 qudo*

119 915 214 1017 etiam
246 911 386 1016 liodoua
422 910 555 1013 dicitur,
590 910 755 1016 abuudqus
792 910 980 1065 qiaudibns,
1015 913 1130 1000 quibus
1162 911 1255 1000 primi

118 996 558 1153 ppppqnlqlpcupqpqmlpomrnes.
618 1000 766 1087 Juppner
825 1020 855 1064 rc
883 997 983 1066 dabat
1007 1018 1170 1095 ,respousa
1199 1018 1258 1085 per

293 1216 296 1223 Α
392 1243 692 1323 228..Lacus
732 1204 979 1323 Lucrinus.
1099 1316 1104 1328 .

80 1389 138 1444 ιο,
205 1377 243 1443 Iu
273 1368 397 1468 Bajand
429 1374 498 1441 sinu
528 1389 647 1446 coutras
671 1375 840 1458 civitatem
858 1377 1054 1465 Campaniae
1074 1376 1172 1466 Bajas
1194 1376 1259 1443 duo

120 1461 325 1541 matiscus,
355 1463 497 1527 Avernus
528 1473 561 1527 et
589 1460 765 1541 Lucrinus,
800 1462 853 1548 qui
883 1462 956 1527 olim
981 1474 1112 1552 propter
1134 1463 1258 1553 copiam

119 1548 255 1637 piscium
284 1546 438 1612 Romanis
466 1547 670 1634 praestabant
696 1545 873 1632 uectigalia.
917 1548 984 1615 Sed
995 1566 1101 1637 <quum
1123 1548 1266 1637 plerum-⁴
1301 1561 1303 1565 ’

145 1655 186 1698 ue
214 1653 303 1700 mare
329 1632 508 1718 irrumpens
539 1631 643 1719 pisces
664 1628 739 1696 iude
766 1629 968 1711 excluderet,
999 1646 1031 1702 et
1060 1632 1258 1701 redemtores

121 1656 240 1784 damna
260 1727 462 1807 paterentur,
490 1738 550 1803 sup
574 1716 748 1785 {icaverunt
774 1717 908 1784 senatui.
950 1717 995 1787 Et
1011 1719 1182 1823 profectus
1201 1718 1274 1805 'Jus

83 1795 183 1870 mlius
206 1805 329 1870 Caesar
348 1802 452 1868 ductis
475 1739 611 1868 bracliis
634 1800 768 1868 exclusit
790 1812 913 1890 partem
943 1825 1056 1886 maus,
1090 1826 1187 1892 quam
1215 1805 1261 1869 iu-

124 1891 238 1954 festam
255 1898 455 1978 compererat
470 1909 549 1968 esse,
571 1887 722 1974 liquitque
742 1888 837 1952 breve
858 1887 995 1975 spatium
1017 1893 1264 1978 peruret-uum,

124 1997 187 2061 quo
212 1975 342 2065 piscium
362 1974 452 2061 copia
473 1974 592 2041 intrare
614 1983 731 2062 possets
764 1971 861 2047 Quod
883 1996 965 2061 opus
985 1974 1123 2042 lulium
1140 1974 1261 2042 dictum

128 2073 185 2125 est.
514 2098 522 2105 s
1147 2090 1150 2095 ¹

290 2182 301 2191 ’
347 2201 449 2276 229.
504 2203 736 2279 Venus‘et
770 2144 1028 2283 Diomedes.
1152 2205 1160 2227 '

84 2337 120 2388 ²⁰
212 2323 318 2407 Quum
348 2340 455 2397 esseut
482 2331 601 2395 Graeci
630 2332 662 2396 iu
677 2329 852 2397 ‘obsidione
872 2330 1010 2420 Trojae,
1043 2336 1194 2424 contigit,
1228 2350 1265 2406 ut

128 2420 220 2486 fieret
238 2441 280 2506 pu
308 2439 349 2482 na
369 2417 451 2482 iuter
471 2415 661 2482 Diomedem
682 2428 715 2486 et
735 2425 892 2498 Aeneam3
914 2442 1076 2508 quumque
1096 2422 1151 2489 diu
1173 2422 1264 2489 dimi·
1291 2499 1297 2503 ⁸

129 2514 289 2583 cessent„
329 2499 471 2568 iomedes
492 2503 632 2569 Aeneam
653 2503 810 2590 percussit
830 2502 951 2590 ingenti
973 2528 1049 2572 saxo
1072 2520 1105 2575 et
1123 2510 1266 2596 prostra-

128 2592 180 2656 vit.
223 2587 320 2663 Quod
351 2586 459 2654 ridens
488 2587 618 2667 Venus,
650 2599 750 2656 mater
771 2587 857 2675 ejus,
885 2590 970 2654 nube
995 2591 1097 2679 ipsum
1119 2596 1267 2682 protexit.

128 2675 185 2740 Ille
214 2697 289 2740 reru
316 2675 494 2759 irrumpens
523 2672 556 2737 in
584 2673 718 2753 nubem,
752 2673 911 2753 Venerem
936 2672 1132 2747 vulneravit,
1169 2679 1268 2745 Unde

88 2762 198 2849 etipsa
226 2769 299 2847 post
328 2757 449 2846 'l'rojae
477 2754 714 2830 destructuram
741 2779 814 2824 euru
838 2781 911 2851 curu
932 2761 996 2829 suis
1017 2763 1111 2831 sociis
1134 2764 1166 2831 in
1190 2767 1269 2834 mari

133 2840 294 2932 tetigerit,
324 2854 356 2914 et
377 2841 489 2917 socios·
502 2843 594 2909 vertit
614 2842 646 2911 iu
668 2865 751 2910 ares.
1164 2843 1168 2858 “

499 3025 596 3105 250.
651 3028 892 3129 Oedipus.

218 3156 335 3248 hujus,
357 3177 414 3224 rex
435 3155 640 3236 Thebarum,
660 3157 772 3225 habuit
791 3179 933 3237 uxorem,
955 3156 1082 3223 uomiue
1097 3157 1271 3236 locustam,

40 3260 43 3263 “
137 3243 189 3311 cui
212 3244 393 3331 praecepit,
422 3254 459 3310 ut
486 3265 595 3314 omnes
620 3241 699 3308 filios
729 3265 769 3308 ex
792 3266 828 3310 se
849 3244 977 3331 genitos
1006 3255 1143 3311 necaret
1188 3243 1272 3309 Nam

94 3327 299 3404 coaudierat,
320 3328 547 3396 aliberissuis
569 3351 606 3395 se
628 3324 848 3395 occidendum.
889 3327 946 3394 Illa
967 3328 1109 3414 pariens,
1136 3348 1273 3414 puerum

161 3416 250 3482 lautis
277 3415 473 3504 perforatum
501 3415 533 3479 in
560 3411 666 3481 silvam
698 3412 815 3479 deferri
841 3412 944 3502 jussit.
986 3413 1023 3479 Iu
1053 3410 1165 3479 eadem
1179 3482 1182 3489 .
1197 3414 1273 3480 silva

137 3441 298 3588 l'olybus‚
320 3524 378 3566 rex
399 3499 570 3579 Phocidis,
593 3499 759 3566 venatione
779 3511 849 3569 erat
870 3510 1055 3585 occupatus,
1076 3511 1110 3564 et
1128 3500 1273 3583 vagitum
1297 3546 1299 3549 -

130 3588 229 3674 pueri
255 3585 403 3666 audieus,
433 3608 504 3650 eum
533 3586 639 3652 afferri
659 3585 798 3673 jubens,
830 3595 989 3672 tamquam
1019 3606 1110 3650 suum
1133 3585 1273 3662 nutrivit,

32 3728 36 3736 ,
140 3670 365 3759 Oedipumque
398 3672 529 3737 vocavit.
587 3671 650 3737 Oui
681 3669 757 3739 dum
789 3671 1035 3758 improperatum
1068 3669 1201 3744 luisset,
1238 3693 1274 3735 se

97 3762 134 3835 35'
141 3779 245 3844 genus
266 3757 545 3841 suumignorare,
565 3754 619 3822 ivit
640 3754 690 3822 adr
703 3756 871 3843 templum,
893 3765 928 3820 ut
949 3765 1126 3843 quaereret
1170 3755 1275 3820 Dum·
1303 3804 1305 3808 -

141 3865 204 3931 que
224 3845 301 3924 iret,
329 3842 464 3912 obviarit
484 3841 525 3907 illi
547 3851 640 3927 pater
661 3840 824 3929 decrepita
843 3834 956 3910 aetate.
1000 3841 1104 3914 Quem
1129 3849 1165 3905 ut
1187 3838 1275 3919 vidit,

140 3929 292 4015 ignoraus
328 3949 400 3995 esse
432 3937 572 4016 patrem,
604 3925 738 4006 occidit,
781 3937 813 3994 et
846 3947 947 4012 regno
981 3927 1160 4011 ceterisque
1183 3925 1275 3992 bonis

33 4026 35 4035 ’
141 4022 219 4080 usus
249 4027 307 4081 est.
349 4011 430 4082 Inde
450 4010 628 4100 procedens
649 4011 732 4079 venit
759 4010 801 4076 ad
820 4025 970 4106 montepr,
992 4010 1046 4076 ubi
1068 4022 1136 4075 erat
1153 4010 1276 4097 Sphinx

143 4109 335 4182 monstrum,
357 4098 502 4165 omnibus
524 4097 797 4185 praetereuntibus
820 4096 883 4163 hoc
906 4097 1054 4182 aenigma
1077 4117 1275 4183 proponens:

101 4185 229 4274 sequid
247 4187 361 4272 primo
376 4195 545 4272 quatuor,
566 4181 690 4250 deinde
711 4180 834 4261 tridua,
854 4181 977 4247 deinde
989 4179 1132 4258 duobus,
1152 4181 1277 4247 deinde
