<?xml version="1.0" encoding="UTF-8"?>
<!DOCTYPE html PUBLIC "-//W3C//DTD XHTML 1.0 Transitional//EN"
    "http://www.w3.org/TR/xhtml1/DTD/xhtml1-transitional.dtd">
<html xmlns="http://www.w3.org/1999/xhtml" xml:lang="en" lang="en">
 <head>
  <title>
</title>
<meta http-equiv="Content-Type" content="text/html;charset=utf-8" />
  <meta name='ocr-system' content='tesseract 3.04.00' />
  <meta name='ocr-capabilities' content='ocr_page ocr_carea ocr_par ocr_line ocrx_word'/>
</head>
<body>
  <div class='ocr_page' id='page_1' title='image "./scriptoresrereu01bodegoog_0152.png"; bbox 0 0 2616 4658; ppageno 0'>
   <div class='ocr_carea' id='block_1_1' title="bbox 319 104 1230 228">
    <p class='ocr_par' dir='ltr' id='par_1_1' title="bbox 319 104 1230 228">
     <span class='ocr_line' id='line_1_1' title="bbox 319 104 1230 228; baseline 0.008 -49"><span class='ocrx_word' id='word_1_1' title='bbox 319 112 521 213; x_wconf 66' lang='lat' dir='ltr'><strong>,nrpnp⁴</strong></span> <span class='ocrx_word' id='word_1_2' title='bbox 548 110 599 185; x_wconf 93' lang='lat' dir='ltr'><strong>n.</strong></span> <span class='ocrx_word' id='word_1_3' title='bbox 654 107 798 224; x_wconf 68' lang='grc' dir='ltr'>ιιι-</span> <span class='ocrx_word' id='word_1_4' title='bbox 818 109 909 183; x_wconf 83' lang='lat' dir='ltr'><strong>rso.</strong></span> <span class='ocrx_word' id='word_1_5' title='bbox 1011 214 1015 226; x_wconf 28' lang='grc' dir='ltr'><strong><em>Ι</em></strong></span> <span class='ocrx_word' id='word_1_6' title='bbox 1109 104 1230 228; x_wconf 66' lang='grc' dir='ltr'><strong>ἰἰιιι1</strong></span> 
     </span>
    </p>
   </div>
   <div class='ocr_carea' id='block_1_2' title="bbox 59 294 1279 1143">
    <p class='ocr_par' dir='ltr' id='par_1_2' title="bbox 60 294 1279 808">
     <span class='ocr_line' id='line_1_2' title="bbox 60 294 1201 382; baseline -0.004 -18"><span class='ocrx_word' id='word_1_7' title='bbox 60 317 174 364; x_wconf 85' lang='lat' dir='ltr'><strong>canem</strong></span> <span class='ocrx_word' id='word_1_8' title='bbox 195 295 442 364; x_wconf 86' lang='lat' dir='ltr'><strong>abstrahendum</strong></span> <span class='ocrx_word' id='word_1_9' title='bbox 464 295 689 373; x_wconf 71' lang='lat' dir='ltr'><strong>descenderet,</strong></span> <span class='ocrx_word' id='word_1_10' title='bbox 717 295 818 382; x_wconf 87' lang='lat' dir='ltr'><strong>ipsam</strong></span> <span class='ocrx_word' id='word_1_11' title='bbox 840 295 881 359; x_wconf 90' lang='lat' dir='ltr'><strong>de</strong></span> <span class='ocrx_word' id='word_1_12' title='bbox 901 294 1008 369; x_wconf 78' lang='lat' dir='ltr'><strong>inieris</strong></span> <span class='ocrx_word' id='word_1_13' title='bbox 1028 294 1201 367; x_wconf 80' lang='lat' dir='ltr'><strong>reductum</strong></span> 
     </span>
     <span class='ocr_line' id='line_1_3' title="bbox 60 379 1195 469; baseline -0.002 -20"><span class='ocrx_word' id='word_1_14' title='bbox 60 384 197 449; x_wconf 76' lang='lat' dir='ltr'><strong>Admeto</strong></span> <span class='ocrx_word' id='word_1_15' title='bbox 219 381 368 448; x_wconf 86' lang='lat' dir='ltr'><strong>reddidit.</strong></span> <span class='ocrx_word' id='word_1_16' title='bbox 417 381 569 464; x_wconf 78' lang='lat' dir='ltr'><strong>‘Admetus</strong></span> <span class='ocrx_word' id='word_1_17' title='bbox 592 380 689 469; x_wconf 52' lang='lat' dir='ltr'><strong>‘quast</strong></span> <span class='ocrx_word' id='word_1_18' title='bbox 720 401 812 467; x_wconf 82' lang='lat' dir='ltr'><strong>quem</strong></span> <span class='ocrx_word' id='word_1_19' title='bbox 842 379 942 445; x_wconf 79' lang='lat' dir='ltr'><strong>adire</strong></span> <span class='ocrx_word' id='word_1_20' title='bbox 970 394 1059 468; x_wconf 83' lang='lat' dir='ltr'><strong>petat</strong></span> <span class='ocrx_word' id='word_1_21' title='bbox 1083 393 1195 448; x_wconf 83' lang='lat' dir='ltr'><strong>metus</strong></span> 
     </span>
     <span class='ocr_line' id='line_1_4' title="bbox 60 462 1195 556; baseline 0 -22"><span class='ocrx_word' id='word_1_22' title='bbox 60 469 167 534; x_wconf 86' lang='lat' dir='ltr'><strong>dictrrs</strong></span> <span class='ocrx_word' id='word_1_23' title='bbox 188 479 244 534; x_wconf 88' lang='lat' dir='ltr'><strong>est.</strong></span> <span class='ocrx_word' id='word_1_24' title='bbox 271 462 390 552; x_wconf 67' lang='grc' dir='ltr'><strong>,Ἀλκή</strong></span> <span class='ocrx_word' id='word_1_25' title='bbox 415 466 628 552; x_wconf 68' lang='lat' dir='ltr'><strong>praesumtio</strong></span> <span class='ocrx_word' id='word_1_26' title='bbox 648 463 771 530; x_wconf 89' lang='lat' dir='ltr'><strong>dieitur.</strong></span> <span class='ocrx_word' id='word_1_27' title='bbox 826 464 918 550; x_wconf 72' lang='lat' dir='ltr'><strong>Ergo</strong></span> <span class='ocrx_word' id='word_1_28' title='bbox 946 478 1066 547; x_wconf 86' lang='lat' dir='ltr'><strong>metus,</strong></span> <span class='ocrx_word' id='word_1_29' title='bbox 1104 490 1195 556; x_wconf 84' lang='lat' dir='ltr'><strong>prae-</strong></span> 
     </span>
     <span class='ocr_line' id='line_1_5' title="bbox 61 547 1194 639; baseline -0.002 -19"><span class='ocrx_word' id='word_1_30' title='bbox 61 554 249 634; x_wconf 79' lang='lat' dir='ltr'><strong>sumtionem</strong></span> <span class='ocrx_word' id='word_1_31' title='bbox 272 550 403 637; x_wconf 80' lang='lat' dir='ltr'><strong>sperans</strong></span> <span class='ocrx_word' id='word_1_32' title='bbox 425 550 483 616; x_wconf 87' lang='lat' dir='ltr'><strong>sibi</strong></span> <span class='ocrx_word' id='word_1_33' title='bbox 505 549 672 639; x_wconf 87' lang='lat' dir='ltr'><strong>conjungi,</strong></span> <span class='ocrx_word' id='word_1_34' title='bbox 704 547 783 614; x_wconf 88' lang='lat' dir='ltr'><strong>duas</strong></span> <span class='ocrx_word' id='word_1_35' title='bbox 804 550 889 616; x_wconf 78' lang='lat' dir='ltr'><strong>seres</strong></span> <span class='ocrx_word' id='word_1_36' title='bbox 911 571 970 616; x_wconf 90' lang='lat' dir='ltr'><strong>suo</strong></span> <span class='ocrx_word' id='word_1_37' title='bbox 992 551 1098 617; x_wconf 87' lang='lat' dir='ltr'><strong>currui</strong></span> <span class='ocrx_word' id='word_1_38' title='bbox 1120 553 1194 618; x_wconf 85' lang='lat' dir='ltr'><strong>sirb-</strong></span> 
     </span>
     <span class='ocr_line' id='line_1_6' title="bbox 61 633 1279 731; baseline -0.004 -28"><span class='ocrx_word' id='word_1_39' title='bbox 61 640 185 724; x_wconf 76' lang='lat' dir='ltr'><strong>jungit,</strong></span> <span class='ocrx_word' id='word_1_40' title='bbox 219 635 251 700; x_wconf 94' lang='lat' dir='ltr'><strong>id</strong></span> <span class='ocrx_word' id='word_1_41' title='bbox 275 648 323 702; x_wconf 87' lang='lat' dir='ltr'><strong>est</strong></span> <span class='ocrx_word' id='word_1_42' title='bbox 347 633 425 700; x_wconf 88' lang='lat' dir='ltr'><strong>duas</strong></span> <span class='ocrx_word' id='word_1_43' title='bbox 455 635 583 701; x_wconf 80' lang='lat' dir='ltr'><strong>virtutes</strong></span> <span class='ocrx_word' id='word_1_44' title='bbox 612 634 746 721; x_wconf 85' lang='lat' dir='ltr'><strong>acquirit</strong></span> <span class='ocrx_word' id='word_1_45' title='bbox 767 634 860 699; x_wconf 86' lang='lat' dir='ltr'><strong>animi</strong></span> <span class='ocrx_word' id='word_1_46' title='bbox 882 645 913 731; x_wconf 70' lang='lat' dir='ltr'><strong>pt</strong></span> <span class='ocrx_word' id='word_1_47' title='bbox 935 637 1094 722; x_wconf 78' lang='lat' dir='ltr'><strong>corporis3</strong></span> <span class='ocrx_word' id='word_1_48' title='bbox 1128 636 1219 702; x_wconf 76' lang='lat' dir='ltr'><strong>leo-⁶</strong></span> <span class='ocrx_word' id='word_1_49' title='bbox 1274 634 1279 650; x_wconf 56' lang='lat'><strong>⁸</strong></span> 
     </span>
     <span class='ocr_line' id='line_1_7' title="bbox 62 720 1197 808; baseline -0.002 -20"><span class='ocrx_word' id='word_1_50' title='bbox 62 746 134 788; x_wconf 90' lang='lat' dir='ltr'><strong>nem</strong></span> <span class='ocrx_word' id='word_1_51' title='bbox 157 732 192 787; x_wconf 94' lang='lat' dir='ltr'><strong>ut</strong></span> <span class='ocrx_word' id='word_1_52' title='bbox 213 722 356 785; x_wconf 79' lang='lat' dir='ltr'><strong>virtutem</strong></span> <span class='ocrx_word' id='word_1_53' title='bbox 379 720 490 797; x_wconf 89' lang='lat' dir='ltr'><strong>animi,</strong></span> <span class='ocrx_word' id='word_1_54' title='bbox 524 742 635 806; x_wconf 86' lang='lat' dir='ltr'><strong>aprum</strong></span> <span class='ocrx_word' id='word_1_55' title='bbox 653 731 689 785; x_wconf 93' lang='lat' dir='ltr'><strong>ut</strong></span> <span class='ocrx_word' id='word_1_56' title='bbox 710 720 855 785; x_wconf 85' lang='lat' dir='ltr'><strong>virtutem</strong></span> <span class='ocrx_word' id='word_1_57' title='bbox 888 723 1039 806; x_wconf 89' lang='lat' dir='ltr'><strong>corporis.</strong></span> <span class='ocrx_word' id='word_1_58' title='bbox 1082 722 1197 808; x_wconf 86' lang='lat' dir='ltr'><strong>Apolli-</strong></span> 
     </span>
    </p>

    <p class='ocr_par' dir='ltr' id='par_1_3' title="bbox 61 803 1196 893">
     <span class='ocr_line' id='line_1_8' title="bbox 61 803 1196 893; baseline 0.001 -21"><span class='ocrx_word' id='word_1_59' title='bbox 61 832 135 872; x_wconf 87' lang='lat' dir='ltr'><strong>nem</strong></span> <span class='ocrx_word' id='word_1_60' title='bbox 158 817 189 872; x_wconf 90' lang='lat' dir='ltr'><strong>et</strong></span> <span class='ocrx_word' id='word_1_61' title='bbox 210 804 380 870; x_wconf 81' lang='lat' dir='ltr'><strong>Herculem</strong></span> <span class='ocrx_word' id='word_1_62' title='bbox 403 807 461 871; x_wconf 80' lang='lat' dir='ltr'><strong>sili</strong></span> <span class='ocrx_word' id='word_1_63' title='bbox 482 805 640 893; x_wconf 86' lang='lat' dir='ltr'><strong>propitiat,</strong></span> <span class='ocrx_word' id='word_1_64' title='bbox 661 803 694 870; x_wconf 93' lang='lat' dir='ltr'><strong>id</strong></span> <span class='ocrx_word' id='word_1_65' title='bbox 716 815 765 871; x_wconf 84' lang='lat' dir='ltr'><strong>est</strong></span> <span class='ocrx_word' id='word_1_66' title='bbox 782 804 965 892; x_wconf 81' lang='lat' dir='ltr'><strong>sapientiam</strong></span> <span class='ocrx_word' id='word_1_67' title='bbox 988 819 1020 874; x_wconf 88' lang='lat' dir='ltr'><strong>et</strong></span> <span class='ocrx_word' id='word_1_68' title='bbox 1041 807 1196 874; x_wconf 89' lang='lat' dir='ltr'><strong>virtutem.</strong></span> 
     </span>
    </p>

    <p class='ocr_par' dir='ltr' id='par_1_4' title="bbox 59 886 1195 980">
     <span class='ocr_line' id='line_1_9' title="bbox 59 886 1195 980; baseline -0.001 -21"><span class='ocrx_word' id='word_1_69' title='bbox 59 894 155 979; x_wconf 82' lang='lat' dir='ltr'><strong>Ergo</strong></span> <span class='ocrx_word' id='word_1_70' title='bbox 175 891 367 978; x_wconf 78' lang='lat' dir='ltr'><strong>praesumtio</strong></span> <span class='ocrx_word' id='word_1_71' title='bbox 389 902 488 957; x_wconf 86' lang='lat' dir='ltr'><strong>semet</strong></span> <span class='ocrx_word' id='word_1_72' title='bbox 514 890 614 977; x_wconf 84' lang='lat' dir='ltr'><strong>ipsam</strong></span> <span class='ocrx_word' id='word_1_73' title='bbox 642 886 683 956; x_wconf 86' lang='lat' dir='ltr'><strong>ad</strong></span> <span class='ocrx_word' id='word_1_74' title='bbox 714 900 845 957; x_wconf 87' lang='lat' dir='ltr'><strong>mortem</strong></span> <span class='ocrx_word' id='word_1_75' title='bbox 874 911 931 977; x_wconf 90' lang='lat' dir='ltr'><strong>pro</strong></span> <span class='ocrx_word' id='word_1_76' title='bbox 962 892 1064 958; x_wconf 88' lang='lat' dir='ltr'><strong>anima</strong></span> <span class='ocrx_word' id='word_1_77' title='bbox 1092 903 1195 980; x_wconf 88' lang='lat' dir='ltr'><strong>metus</strong></span> 
     </span>
    </p>

    <p class='ocr_par' dir='ltr' id='par_1_5' title="bbox 59 973 1250 1143">
     <span class='ocr_line' id='line_1_10' title="bbox 59 973 1250 1064; baseline 0 -20"><span class='ocrx_word' id='word_1_78' title='bbox 59 977 179 1064; x_wconf 81' lang='lat' dir='ltr'><strong>objicit.</strong></span> <span class='ocrx_word' id='word_1_79' title='bbox 222 977 326 1051; x_wconf 82' lang='lat' dir='ltr'><strong>Quam</strong></span> <span class='ocrx_word' id='word_1_80' title='bbox 356 975 636 1063; x_wconf 80' lang='lat' dir='ltr'><strong>praesumtionem,</strong></span> <span class='ocrx_word' id='word_1_81' title='bbox 667 975 699 1040; x_wconf 94' lang='lat' dir='ltr'><strong>in</strong></span> <span class='ocrx_word' id='word_1_82' title='bbox 720 987 822 1044; x_wconf 88' lang='lat' dir='ltr'><strong>morto</strong></span> <span class='ocrx_word' id='word_1_83' title='bbox 853 973 1071 1058; x_wconf 85' lang='lat' dir='ltr'><strong>deficientem,</strong></span> <span class='ocrx_word' id='word_1_84' title='bbox 1097 976 1194 1046; x_wconf 78' lang='lat' dir='ltr'><strong>vlrtus</strong></span> <span class='ocrx_word' id='word_1_85' title='bbox 1247 983 1250 1001; x_wconf 89' lang='lat'>&#39;</span> 
     </span>
     <span class='ocr_line' id='line_1_11' title="bbox 59 1058 1235 1143; baseline -0.007 -10"><span class='ocrx_word' id='word_1_86' title='bbox 59 1064 103 1133; x_wconf 79' lang='lat' dir='ltr'><strong>ab</strong></span> <span class='ocrx_word' id='word_1_87' title='bbox 123 1061 231 1128; x_wconf 85' lang='lat' dir='ltr'><strong>inseris</strong></span> <span class='ocrx_word' id='word_1_88' title='bbox 253 1074 399 1143; x_wconf 85' lang='lat' dir='ltr'><strong>revocat,</strong></span> <span class='ocrx_word' id='word_1_89' title='bbox 422 1073 457 1127; x_wconf 90' lang='lat' dir='ltr'><strong>ut</strong></span> <span class='ocrx_word' id='word_1_90' title='bbox 478 1061 635 1128; x_wconf 85' lang='lat' dir='ltr'><strong>Hercules</strong></span> <span class='ocrx_word' id='word_1_91' title='bbox 658 1058 743 1130; x_wconf 82' lang='lat' dir='ltr'><strong>lacit.</strong></span> <span class='ocrx_word' id='word_1_92' title='bbox 867 1074 870 1079; x_wconf 83' lang='lat'>&#39;</span> <span class='ocrx_word' id='word_1_93' title='bbox 1132 1064 1135 1069; x_wconf 83' lang='grc'><strong>’</strong></span> <span class='ocrx_word' id='word_1_94' title='bbox 1199 1077 1235 1127; x_wconf 85' lang='lat' dir='ltr'><strong>ru</strong></span> 
     </span>
    </p>
   </div>
   <div class='ocr_carea' id='block_1_3' title="bbox 129 1177 1126 1331">
    <p class='ocr_par' dir='ltr' id='par_1_6' title="bbox 129 1177 1126 1331">
     <span class='ocr_line' id='line_1_12' title="bbox 129 1177 1126 1331; baseline -0.003 -24"><span class='ocrx_word' id='word_1_95' title='bbox 129 1223 220 1307; x_wconf 70' lang='lat'><strong>155.</strong></span> <span class='ocrx_word' id='word_1_96' title='bbox 290 1213 545 1331; x_wconf 79' lang='lat' dir='ltr'><strong>Anguisab</strong></span> <span class='ocrx_word' id='word_1_97' title='bbox 583 1181 786 1304; x_wconf 83' lang='lat' dir='ltr'><strong>Hercule</strong></span> <span class='ocrx_word' id='word_1_98' title='bbox 827 1177 1126 1305; x_wconf 83' lang='lat' dir='ltr'><strong>interfedtus.</strong></span> 
     </span>
    </p>
   </div>
   <div class='ocr_carea' id='block_1_4' title="bbox 58 1355 1303 2297">
    <p class='ocr_par' dir='ltr' id='par_1_7' title="bbox 58 1355 1303 2297">
     <span class='ocr_line' id='line_1_13' title="bbox 147 1355 1303 1448; baseline 0.003 -24"><span class='ocrx_word' id='word_1_99' title='bbox 147 1357 304 1425; x_wconf 86' lang='lat' dir='ltr'><strong>Hercules</strong></span> <span class='ocrx_word' id='word_1_100' title='bbox 339 1355 426 1444; x_wconf 87' lang='lat' dir='ltr'><strong>apud</strong></span> <span class='ocrx_word' id='word_1_101' title='bbox 460 1356 671 1442; x_wconf 82' lang='lat' dir='ltr'><strong>Sangarium,</strong></span> <span class='ocrx_word' id='word_1_102' title='bbox 713 1355 838 1446; x_wconf 84' lang='lat' dir='ltr'><strong>Lydiae</strong></span> <span class='ocrx_word' id='word_1_103' title='bbox 870 1358 1006 1440; x_wconf 88' lang='lat' dir='ltr'><strong>flumen,</strong></span> <span class='ocrx_word' id='word_1_104' title='bbox 1052 1381 1192 1448; x_wconf 81' lang='lat' dir='ltr'><strong>anguem</strong></span> <span class='ocrx_word' id='word_1_105' title='bbox 1296 1398 1303 1413; x_wconf 84' lang='lat'><strong>.</strong></span> 
     </span>
     <span class='ocr_line' id='line_1_14' title="bbox 60 1441 1192 1549; baseline 0.007 -41"><span class='ocrx_word' id='word_1_106' title='bbox 60 1443 169 1549; x_wconf 74' lang='lat' dir='ltr'><strong>plupes</strong></span> <span class='ocrx_word' id='word_1_107' title='bbox 193 1445 335 1509; x_wconf 89' lang='lat' dir='ltr'><strong>homines</strong></span> <span class='ocrx_word' id='word_1_108' title='bbox 365 1441 622 1521; x_wconf 85' lang='lat' dir='ltr'><strong>interficientem,</strong></span> <span class='ocrx_word' id='word_1_109' title='bbox 655 1451 688 1508; x_wconf 91' lang='lat' dir='ltr'><strong>et</strong></span> <span class='ocrx_word' id='word_1_110' title='bbox 715 1443 814 1530; x_wconf 81' lang='lat' dir='ltr'><strong>ripam</strong></span> <span class='ocrx_word' id='word_1_111' title='bbox 843 1441 987 1532; x_wconf 78' lang='lat' dir='ltr'><strong>frugibus</strong></span> <span class='ocrx_word' id='word_1_112' title='bbox 1018 1446 1192 1516; x_wconf 80' lang='lat' dir='ltr'><strong>orbantern.</strong></span> 
     </span>
     <span class='ocr_line' id='line_1_15' title="bbox 60 1527 1192 1617; baseline 0 -22"><span class='ocrx_word' id='word_1_113' title='bbox 60 1530 268 1597; x_wconf 86' lang='lat' dir='ltr'><strong>ruterirnebat.</strong></span> <span class='ocrx_word' id='word_1_114' title='bbox 303 1530 377 1594; x_wconf 86' lang='lat' dir='ltr'><strong>&#39;Pro</strong></span> <span class='ocrx_word' id='word_1_115' title='bbox 409 1550 484 1614; x_wconf 85' lang='lat' dir='ltr'><strong>quo.</strong></span> <span class='ocrx_word' id='word_1_116' title='bbox 503 1527 588 1594; x_wconf 86' lang='lat' dir='ltr'><strong>facto</strong></span> <span class='ocrx_word' id='word_1_117' title='bbox 616 1527 658 1592; x_wconf 87' lang='lat' dir='ltr'><strong>ab</strong></span> <span class='ocrx_word' id='word_1_118' title='bbox 689 1527 847 1616; x_wconf 79' lang='lat' dir='ltr'><strong>Otnplrtle</strong></span> <span class='ocrx_word' id='word_1_119' title='bbox 880 1530 1008 1616; x_wconf 85' lang='lat' dir='ltr'><strong>regina,</strong></span> <span class='ocrx_word' id='word_1_120' title='bbox 1036 1553 1119 1617; x_wconf 84' lang='lat' dir='ltr'><strong>quae</strong></span> <span class='ocrx_word' id='word_1_121' title='bbox 1149 1532 1192 1597; x_wconf 89' lang='lat' dir='ltr'><strong>ibi</strong></span> 
     </span>
     <span class='ocr_line' id='line_1_16' title="bbox 60 1612 1234 1716; baseline -0.003 -35"><span class='ocrx_word' id='word_1_122' title='bbox 60 1618 235 1700; x_wconf 81' lang='lat' dir='ltr'><strong>regnabat,</strong></span> <span class='ocrx_word' id='word_1_123' title='bbox 280 1613 380 1680; x_wconf 85' lang='lat' dir='ltr'><strong>multis</strong></span> <span class='ocrx_word' id='word_1_124' title='bbox 413 1624 541 1679; x_wconf 88' lang='lat' dir='ltr'><strong>ornatus</strong></span> <span class='ocrx_word' id='word_1_125' title='bbox 569 1612 768 1694; x_wconf 85' lang='lat' dir='ltr'><strong>muneribus,</strong></span> <span class='ocrx_word' id='word_1_126' title='bbox 810 1615 915 1716; x_wconf 79' lang='lat' dir='ltr'><strong>Argos</strong></span> <span class='ocrx_word' id='word_1_127' title='bbox 948 1628 998 1683; x_wconf 83' lang='lat' dir='ltr'><strong>est</strong></span> <span class='ocrx_word' id='word_1_128' title='bbox 1034 1617 1234 1699; x_wconf 77' lang='lat' dir='ltr'><strong>remissuslo</strong></span> 
     </span>
     <span class='ocr_line' id='line_1_17' title="bbox 63 1697 1193 1787; baseline 0.001 -22"><span class='ocrx_word' id='word_1_129' title='bbox 63 1700 164 1787; x_wconf 82' lang='lat' dir='ltr'><strong>Cujus</strong></span> <span class='ocrx_word' id='word_1_130' title='bbox 194 1699 289 1764; x_wconf 87' lang='lat' dir='ltr'><strong>etiam</strong></span> <span class='ocrx_word' id='word_1_131' title='bbox 320 1720 428 1764; x_wconf 85' lang='lat' dir='ltr'><strong>amore</strong></span> <span class='ocrx_word' id='word_1_132' title='bbox 455 1710 518 1764; x_wconf 89' lang='lat' dir='ltr'><strong>tam</strong></span> <span class='ocrx_word' id='word_1_133' title='bbox 548 1697 750 1762; x_wconf 85' lang='lat' dir='ltr'><strong>vehementer</strong></span> <span class='ocrx_word' id='word_1_134' title='bbox 781 1709 830 1766; x_wconf 90' lang='lat' dir='ltr'><strong>est</strong></span> <span class='ocrx_word' id='word_1_135' title='bbox 864 1710 1029 1779; x_wconf 78' lang='lat' dir='ltr'><strong>incensus,</strong></span> <span class='ocrx_word' id='word_1_136' title='bbox 1046 1707 1049 1715; x_wconf 87' lang='lat'>&#39;</span> <span class='ocrx_word' id='word_1_137' title='bbox 1069 1713 1106 1775; x_wconf 85' lang='lat' dir='ltr'><strong>ut</strong></span> <span class='ocrx_word' id='word_1_138' title='bbox 1132 1702 1193 1768; x_wconf 90' lang='lat' dir='ltr'><strong>coli</strong></span> 
     </span>
     <span class='ocr_line' id='line_1_18' title="bbox 62 1779 1193 1875; baseline 0.001 -26"><span class='ocrx_word' id='word_1_139' title='bbox 62 1783 213 1852; x_wconf 87' lang='lat' dir='ltr'><strong>delicatos</strong></span> <span class='ocrx_word' id='word_1_140' title='bbox 236 1780 389 1849; x_wconf 89' lang='lat' dir='ltr'><strong>enodaret</strong></span> <span class='ocrx_word' id='word_1_141' title='bbox 409 1795 609 1869; x_wconf 88' lang='lat' dir='ltr'><strong>contractus,</strong></span> <span class='ocrx_word' id='word_1_142' title='bbox 649 1795 681 1846; x_wconf 89' lang='lat' dir='ltr'><strong>et</strong></span> <span class='ocrx_word' id='word_1_143' title='bbox 701 1779 812 1868; x_wconf 87' lang='lat' dir='ltr'><strong>pollice</strong></span> <span class='ocrx_word' id='word_1_144' title='bbox 834 1782 893 1850; x_wconf 87' lang='lat' dir='ltr'><strong>fusi</strong></span> <span class='ocrx_word' id='word_1_145' title='bbox 915 1795 1037 1862; x_wconf 23' lang='lat' dir='ltr'><strong>rotaret,</strong></span> <span class='ocrx_word' id='word_1_146' title='bbox 1063 1786 1193 1875; x_wconf 80' lang='lat' dir='ltr'><strong>vertigi-</strong></span> 
     </span>
     <span class='ocr_line' id='line_1_19' title="bbox 60 1859 1192 1952; baseline 0 -18"><span class='ocrx_word' id='word_1_147' title='bbox 60 1892 144 1934; x_wconf 88' lang='lat' dir='ltr'><strong>nem.</strong></span> <span class='ocrx_word' id='word_1_148' title='bbox 185 1866 342 1932; x_wconf 91' lang='lat' dir='ltr'><strong>Hercules</strong></span> <span class='ocrx_word' id='word_1_149' title='bbox 362 1859 474 1951; x_wconf 68' lang='grc' dir='ltr'><em>ἡρώων</em></span> <span class='ocrx_word' id='word_1_150' title='bbox 494 1867 603 1942; x_wconf 77' lang='grc' dir='ltr'><strong><em>κλέος,</em></strong></span> <span class='ocrx_word' id='word_1_151' title='bbox 640 1865 794 1929; x_wconf 80' lang='lat' dir='ltr'><strong>virorum</strong></span> <span class='ocrx_word' id='word_1_152' title='bbox 809 1862 959 1951; x_wconf 79' lang='lat' dir='ltr'><strong>sortium</strong></span> <span class='ocrx_word' id='word_1_153' title='bbox 981 1867 1080 1952; x_wconf 78' lang='lat' dir='ltr'><strong>famu</strong></span> <span class='ocrx_word' id='word_1_154' title='bbox 1115 1869 1192 1935; x_wconf 88' lang='lat' dir='ltr'><strong>diei-</strong></span> 
     </span>
     <span class='ocr_line' id='line_1_20' title="bbox 60 1944 1191 2036; baseline -0.001 -16"><span class='ocrx_word' id='word_1_155' title='bbox 60 1966 134 2036; x_wconf 80' lang='lat' dir='ltr'><strong>tur3</strong></span> <span class='ocrx_word' id='word_1_156' title='bbox 166 1944 316 2036; x_wconf 79' lang='grc' dir='ltr'>ὀιφαλὸς</span> <span class='ocrx_word' id='word_1_157' title='bbox 336 1947 529 2014; x_wconf 81' lang='lat' dir='ltr'><strong>umbilicus.</strong></span> <span class='ocrx_word' id='word_1_158' title='bbox 570 1946 686 2013; x_wconf 90' lang='lat' dir='ltr'><strong>Libido</strong></span> <span class='ocrx_word' id='word_1_159' title='bbox 709 1949 790 2014; x_wconf 88' lang='lat' dir='ltr'><strong>enim</strong></span> <span class='ocrx_word' id='word_1_160' title='bbox 820 1948 851 2015; x_wconf 94' lang='lat' dir='ltr'><strong>in</strong></span> <span class='ocrx_word' id='word_1_161' title='bbox 885 1951 1028 2018; x_wconf 83' lang='lat' dir='ltr'><strong>umbilico</strong></span> <span class='ocrx_word' id='word_1_162' title='bbox 1051 1950 1191 2023; x_wconf 87' lang='lat' dir='ltr'><strong>domina-</strong></span> 
     </span>
     <span class='ocr_line' id='line_1_21' title="bbox 60 1979 1235 2125; baseline 0.003 -21"><span class='ocrx_word' id='word_1_163' title='bbox 60 2050 114 2106; x_wconf 87' lang='lat' dir='ltr'><strong>tur</strong></span> <span class='ocrx_word' id='word_1_164' title='bbox 127 1979 316 2101; x_wconf 83' lang='lat' dir='ltr'><strong>mulleribns.</strong></span> <span class='ocrx_word' id='word_1_165' title='bbox 357 2033 454 2098; x_wconf 89' lang='lat' dir='ltr'><strong>Unde</strong></span> <span class='ocrx_word' id='word_1_166' title='bbox 467 2029 651 2112; x_wconf 83' lang='lat' dir='ltr'><strong>ostenditur,</strong></span> <span class='ocrx_word' id='word_1_167' title='bbox 673 2032 758 2119; x_wconf 88' lang='lat' dir='ltr'><strong>quod</strong></span> <span class='ocrx_word' id='word_1_168' title='bbox 775 2034 870 2101; x_wconf 92' lang='lat' dir='ltr'><strong>libido</strong></span> <span class='ocrx_word' id='word_1_169' title='bbox 888 2038 1026 2124; x_wconf 82' lang='lat' dir='ltr'><strong>quamvis</strong></span> <span class='ocrx_word' id='word_1_170' title='bbox 1045 2032 1235 2125; x_wconf 60' lang='lat' dir='ltr'><strong>introrsum</strong></span> 
     </span>
     <span class='ocr_line' id='line_1_22' title="bbox 58 2118 1223 2221; baseline 0.003 -34"><span class='ocrx_word' id='word_1_171' title='bbox 58 2123 332 2221; x_wconf 66' lang='lat' dir='ltr'><strong>possitrsuperare</strong></span> <span class='ocrx_word' id='word_1_172' title='bbox 353 2119 513 2197; x_wconf 90' lang='lat' dir='ltr'><strong>virtutem;</strong></span> <span class='ocrx_word' id='word_1_173' title='bbox 526 2118 608 2211; x_wconf 24' lang='lat' dir='ltr'><strong>&#39;quia</strong></span> <span class='ocrx_word' id='word_1_174' title='bbox 630 2139 723 2204; x_wconf 79' lang='lat' dir='ltr'><strong>quem</strong></span> <span class='ocrx_word' id='word_1_175' title='bbox 745 2119 853 2188; x_wconf 86' lang='lat' dir='ltr'><strong>mundi</strong></span> <span class='ocrx_word' id='word_1_176' title='bbox 867 2121 1192 2209; x_wconf 71' lang='lat' dir='ltr'><strong>magnttod0‚vincere</strong></span> <span class='ocrx_word' id='word_1_177' title='bbox 1221 2172 1223 2177; x_wconf 60' lang='grc'><strong><em>«</em></strong></span> 
     </span>
     <span class='ocr_line' id='line_1_23' title="bbox 58 2200 721 2297; baseline -0.006 -23"><span class='ocrx_word' id='word_1_178' title='bbox 58 2229 124 2274; x_wconf 93' lang='lat' dir='ltr'><strong>non</strong></span> <span class='ocrx_word' id='word_1_179' title='bbox 145 2216 266 2297; x_wconf 80' lang='lat' dir='ltr'><strong>potunt,</strong></span> <span class='ocrx_word' id='word_1_180' title='bbox 286 2201 420 2272; x_wconf 85' lang='lat' dir='ltr'><strong>lrbrdrms</strong></span> <span class='ocrx_word' id='word_1_181' title='bbox 439 2200 535 2271; x_wconf 88' lang='lat' dir='ltr'><strong>ardor</strong></span> <span class='ocrx_word' id='word_1_182' title='bbox 555 2203 721 2292; x_wconf 87' lang='lat' dir='ltr'><strong>oppressit.</strong></span> 
     </span>
    </p>
   </div>
   <div class='ocr_carea' id='block_1_5' title="bbox 338 2370 797 2476">
    <p class='ocr_par' dir='ltr' id='par_1_8' title="bbox 338 2370 797 2476">
     <span class='ocr_line' id='line_1_24' title="bbox 338 2370 797 2476; baseline 0.011 -31"><span class='ocrx_word' id='word_1_183' title='bbox 338 2404 344 2432; x_wconf 74' lang='grc' dir='ltr'>ι</span> <span class='ocrx_word' id='word_1_184' title='bbox 434 2370 553 2447; x_wconf 60' lang='grc'><strong>156.</strong></span> <span class='ocrx_word' id='word_1_185' title='bbox 617 2370 797 2476; x_wconf 68' lang='lat' dir='ltr'><strong>Eryx.</strong></span> 
     </span>
    </p>
   </div>
   <div class='ocr_carea' id='block_1_6' title="bbox 54 2501 1229 2934">
    <p class='ocr_par' dir='ltr' id='par_1_9' title="bbox 54 2501 1229 2934">
     <span class='ocr_line' id='line_1_25' title="bbox 140 2501 1192 2595; baseline 0.006 -27"><span class='ocrx_word' id='word_1_186' title='bbox 140 2505 247 2595; x_wconf 80' lang='lat' dir='ltr'><strong>Eryx,</strong></span> <span class='ocrx_word' id='word_1_187' title='bbox 281 2501 415 2570; x_wconf 85' lang='lat' dir='ltr'><strong>Veneris</strong></span> <span class='ocrx_word' id='word_1_188' title='bbox 434 2511 468 2568; x_wconf 87' lang='lat' dir='ltr'><strong>et</strong></span> <span class='ocrx_word' id='word_1_189' title='bbox 487 2503 609 2584; x_wconf 88' lang='lat' dir='ltr'><strong>Butae,</strong></span> <span class='ocrx_word' id='word_1_190' title='bbox 625 2524 628 2529; x_wconf 85' lang='lat'>·</span> <span class='ocrx_word' id='word_1_191' title='bbox 646 2502 823 2573; x_wconf 83' lang='lat' dir='ltr'><strong>secundnm</strong></span> <span class='ocrx_word' id='word_1_192' title='bbox 855 2501 950 2579; x_wconf 82' lang='lat' dir='ltr'><strong>alios,</strong></span> <span class='ocrx_word' id='word_1_193' title='bbox 990 2502 1135 2593; x_wconf 83' lang='lat' dir='ltr'><strong>Neptuni</strong></span> <span class='ocrx_word' id='word_1_194' title='bbox 1158 2519 1192 2576; x_wconf 89' lang='lat' dir='ltr'><strong>et</strong></span> 
     </span>
     <span class='ocr_line' id='line_1_26' title="bbox 54 2586 1229 2680; baseline -0.003 -20"><span class='ocrx_word' id='word_1_195' title='bbox 54 2591 190 2660; x_wconf 85' lang='lat' dir='ltr'><strong>Veneris</strong></span> <span class='ocrx_word' id='word_1_196' title='bbox 211 2590 290 2654; x_wconf 84' lang='lat' dir='ltr'><strong>filius</strong></span> <span class='ocrx_word' id='word_1_197' title='bbox 312 2589 379 2655; x_wconf 89' lang='lat' dir='ltr'><strong>suit.</strong></span> <span class='ocrx_word' id='word_1_198' title='bbox 435 2587 498 2662; x_wconf 84' lang='lat' dir='ltr'><strong>Qui</strong></span> <span class='ocrx_word' id='word_1_199' title='bbox 526 2600 716 2675; x_wconf 88' lang='lat' dir='ltr'><strong>praepotens</strong></span> <span class='ocrx_word' id='word_1_200' title='bbox 745 2587 877 2668; x_wconf 79' lang='lat' dir='ltr'><strong>viribus,</strong></span> <span class='ocrx_word' id='word_1_201' title='bbox 911 2586 1049 2657; x_wconf 84' lang='lat' dir='ltr'><strong>advenas</strong></span> <span class='ocrx_word' id='word_1_202' title='bbox 1070 2598 1229 2680; x_wconf 76' lang='lat' dir='ltr'><strong>provo-25</strong></span> 
     </span>
     <span class='ocr_line' id='line_1_27' title="bbox 56 2673 1214 2766; baseline 0.003 -23"><span class='ocrx_word' id='word_1_203' title='bbox 56 2678 174 2756; x_wconf 88' lang='lat' dir='ltr'><strong>cubat,</strong></span> <span class='ocrx_word' id='word_1_204' title='bbox 205 2677 366 2763; x_wconf 86' lang='lat' dir='ltr'><strong>rictusque</strong></span> <span class='ocrx_word' id='word_1_205' title='bbox 386 2673 570 2762; x_wconf 82' lang='lat' dir='ltr'><strong>perimebat</strong></span> <span class='ocrx_word' id='word_1_206' title='bbox 613 2674 694 2756; x_wconf 80' lang='lat' dir='ltr'><strong>Qut,</strong></span> <span class='ocrx_word' id='word_1_207' title='bbox 724 2674 848 2751; x_wconf 82' lang='lat' dir='ltr'><strong>occisos</strong></span> <span class='ocrx_word' id='word_1_208' title='bbox 871 2674 1073 2744; x_wconf 78' lang='lat' dir='ltr'><strong>abflercule</strong></span> <span class='ocrx_word' id='word_1_209' title='bbox 1093 2700 1214 2766; x_wconf 84' lang='lat' dir='ltr'><strong>quum-</strong></span> 
     </span>
     <span class='ocr_line' id='line_1_28' title="bbox 56 2757 1190 2854; baseline 0.001 -27"><span class='ocrx_word' id='word_1_210' title='bbox 56 2760 212 2847; x_wconf 77' lang='lat' dir='ltr'><strong>ertpsum</strong></span> <span class='ocrx_word' id='word_1_211' title='bbox 238 2767 459 2848; x_wconf 87' lang='lat' dir='ltr'><strong>provocasset,</strong></span> <span class='ocrx_word' id='word_1_212' title='bbox 491 2759 587 2824; x_wconf 90' lang='lat' dir='ltr'><strong>monti</strong></span> <span class='ocrx_word' id='word_1_213' title='bbox 616 2774 655 2824; x_wconf 81' lang='lat' dir='ltr'><strong>cx</strong></span> <span class='ocrx_word' id='word_1_214' title='bbox 684 2757 844 2844; x_wconf 88' lang='lat' dir='ltr'><strong>sepultura</strong></span> <span class='ocrx_word' id='word_1_215' title='bbox 865 2782 924 2831; x_wconf 88' lang='lat' dir='ltr'><strong>sua</strong></span> <span class='ocrx_word' id='word_1_216' title='bbox 946 2782 1061 2827; x_wconf 89' lang='lat' dir='ltr'><strong>nomen</strong></span> <span class='ocrx_word' id='word_1_217' title='bbox 1088 2760 1190 2854; x_wconf 73' lang='lat' dir='ltr'><strong>impo&#39;-</strong></span> 
     </span>
     <span class='ocr_line' id='line_1_29' title="bbox 56 2843 1057 2934; baseline 0.002 -21"><span class='ocrx_word' id='word_1_218' title='bbox 56 2845 141 2927; x_wconf 86' lang='lat' dir='ltr'><strong>snit,</strong></span> <span class='ocrx_word' id='word_1_219' title='bbox 156 2845 192 2910; x_wconf 84' lang='lat' dir='ltr'><strong>in</strong></span> <span class='ocrx_word' id='word_1_220' title='bbox 213 2868 276 2934; x_wconf 91' lang='lat' dir='ltr'><strong>quo</strong></span> <span class='ocrx_word' id='word_1_221' title='bbox 296 2844 388 2911; x_wconf 88' lang='lat' dir='ltr'><strong>matri</strong></span> <span class='ocrx_word' id='word_1_222' title='bbox 405 2843 638 2910; x_wconf 75' lang='lat' dir='ltr'><strong>etiam‘Veueu&#39;</strong></span> <span class='ocrx_word' id='word_1_223' title='bbox 657 2843 1057 2931; x_wconf 85' lang='lat' dir='ltr'><strong>templumconstruxerat.</strong></span> 
     </span>
    </p>
   </div>
   <div class='ocr_carea' id='block_1_7' title="bbox 434 3006 821 3082">
    <p class='ocr_par' dir='ltr' id='par_1_10' title="bbox 434 3006 821 3082">
     <span class='ocr_line' id='line_1_30' title="bbox 434 3006 821 3082; baseline -0.003 -1"><span class='ocrx_word' id='word_1_224' title='bbox 434 3006 526 3081; x_wconf 77' lang='grc'><strong>157.</strong></span> <span class='ocrx_word' id='word_1_225' title='bbox 586 3009 821 3082; x_wconf 88' lang='lat' dir='ltr'><strong>Busiris.</strong></span> 
     </span>
    </p>
   </div>
   <div class='ocr_carea' id='block_1_8' title="bbox 53 3102 1248 3407">
    <p class='ocr_par' dir='ltr' id='par_1_11' title="bbox 53 3102 1248 3407">
     <span class='ocr_line' id='line_1_31' title="bbox 90 3102 1248 3286; baseline 0.005 -84"><span class='ocrx_word' id='word_1_226' title='bbox 90 3111 92 3117; x_wconf 28' lang='grc' dir='ltr'>Ι</span> <span class='ocrx_word' id='word_1_227' title='bbox 139 3136 261 3203; x_wconf 88' lang='lat' dir='ltr'><strong>Busiris</strong></span> <span class='ocrx_word' id='word_1_228' title='bbox 281 3102 338 3239; x_wconf 74' lang='lat' dir='ltr'><strong>rex</strong></span> <span class='ocrx_word' id='word_1_229' title='bbox 359 3135 420 3203; x_wconf 83' lang='lat' dir='ltr'><strong>fuit</strong></span> <span class='ocrx_word' id='word_1_230' title='bbox 440 3135 585 3286; x_wconf 68' lang='lat' dir='ltr'><strong>Aegppti.</strong></span> <span class='ocrx_word' id='word_1_231' title='bbox 610 3208 616 3221; x_wconf 34' lang='lat'>¹</span> <span class='ocrx_word' id='word_1_232' title='bbox 639 3134 703 3218; x_wconf 83' lang='lat' dir='ltr'><strong>Qui</strong></span> <span class='ocrx_word' id='word_1_233' title='bbox 723 3157 820 3224; x_wconf 85' lang='lat' dir='ltr'><strong>quum</strong></span> <span class='ocrx_word' id='word_1_234' title='bbox 853 3148 1021 3228; x_wconf 86' lang='lat' dir='ltr'><strong>susceptos</strong></span> <span class='ocrx_word' id='word_1_235' title='bbox 1050 3139 1248 3227; x_wconf 56' lang='lat' dir='ltr'><strong>hospitesso*</strong></span> 
     </span>
     <span class='ocr_line' id='line_1_32' title="bbox 54 3221 1190 3310; baseline 0.004 -21"><span class='ocrx_word' id='word_1_236' title='bbox 54 3221 219 3290; x_wconf 86' lang='lat' dir='ltr'><strong>immolare</strong></span> <span class='ocrx_word' id='word_1_237' title='bbox 239 3221 348 3289; x_wconf 77' lang='lat' dir='ltr'><strong>solitus</strong></span> <span class='ocrx_word' id='word_1_238' title='bbox 367 3232 470 3299; x_wconf 89' lang='lat' dir='ltr'><strong>esset,</strong></span> <span class='ocrx_word' id='word_1_239' title='bbox 493 3246 512 3287; x_wconf 89' lang='lat' dir='ltr'><strong>a</strong></span> <span class='ocrx_word' id='word_1_240' title='bbox 557 3221 717 3302; x_wconf 82' lang='lat' dir='ltr'><strong>Hercule,</strong></span> <span class='ocrx_word' id='word_1_241' title='bbox 747 3244 844 3310; x_wconf 89' lang='lat' dir='ltr'><strong>quum</strong></span> <span class='ocrx_word' id='word_1_242' title='bbox 866 3246 937 3291; x_wconf 89' lang='lat' dir='ltr'><strong>eum</strong></span> <span class='ocrx_word' id='word_1_243' title='bbox 960 3226 1055 3295; x_wconf 84' lang='lat' dir='ltr'><strong>etiam</strong></span> <span class='ocrx_word' id='word_1_244' title='bbox 1077 3226 1190 3293; x_wconf 80' lang='lat' dir='ltr'><strong>voluis·</strong></span> 
     </span>
     <span class='ocr_line' id='line_1_33' title="bbox 53 3303 586 3407; baseline 0 -34"><span class='ocrx_word' id='word_1_245' title='bbox 53 3317 106 3379; x_wconf 85' lang='lat' dir='ltr'><strong>set</strong></span> <span class='ocrx_word' id='word_1_246' title='bbox 129 3303 296 3389; x_wconf 83' lang='lat' dir='ltr'><strong>occidere,</strong></span> <span class='ocrx_word' id='word_1_247' title='bbox 323 3306 506 3407; x_wconf 88' lang='lat' dir='ltr'><strong>interemtus</strong></span> <span class='ocrx_word' id='word_1_248' title='bbox 530 3318 586 3373; x_wconf 81' lang='lat' dir='ltr'><strong>est</strong></span> 
     </span>
    </p>
   </div>
   <div class='ocr_carea' id='block_1_9' title="bbox 391 3384 889 3518">
    <p class='ocr_par' dir='ltr' id='par_1_12' title="bbox 391 3384 889 3518">
     <span class='ocr_line' id='line_1_34' title="bbox 391 3384 889 3518; baseline 0.004 -2"><span class='ocrx_word' id='word_1_249' title='bbox 391 3442 483 3518; x_wconf 75' lang='grc'><strong>158.</strong></span> <span class='ocrx_word' id='word_1_250' title='bbox 549 3384 889 3518; x_wconf 24' lang='lat' dir='ltr'><strong>Hercules..</strong></span> 
     </span>
    </p>
   </div>
   <div class='ocr_carea' id='block_1_10' title="bbox 53 3558 1270 3841">
    <p class='ocr_par' dir='ltr' id='par_1_13' title="bbox 53 3558 1270 3841">
     <span class='ocr_line' id='line_1_35' title="bbox 139 3558 1189 3661; baseline -0.001 -23"><span class='ocrx_word' id='word_1_251' title='bbox 139 3570 297 3639; x_wconf 86' lang='lat' dir='ltr'><strong>Hercules</strong></span> <span class='ocrx_word' id='word_1_252' title='bbox 319 3562 507 3659; x_wconf 82' lang='lat' dir='ltr'><strong>Megaram,</strong></span> <span class='ocrx_word' id='word_1_253' title='bbox 538 3570 685 3638; x_wconf 84' lang='lat' dir='ltr'><strong>Creontis</strong></span> <span class='ocrx_word' id='word_1_254' title='bbox 713 3571 859 3652; x_wconf 78' lang='lat' dir='ltr'><strong>Thebani</strong></span> <span class='ocrx_word' id='word_1_255' title='bbox 888 3570 1002 3653; x_wconf 85' lang='lat' dir='ltr'><strong>filiurn,</strong></span> <span class='ocrx_word' id='word_1_256' title='bbox 1030 3558 1189 3661; x_wconf 82' lang='lat' dir='ltr'><strong>stupravit.</strong></span> 
     </span>
     <span class='ocr_line' id='line_1_36' title="bbox 53 3655 1232 3746; baseline 0.003 -20"><span class='ocrx_word' id='word_1_257' title='bbox 53 3659 107 3726; x_wconf 89' lang='lat' dir='ltr'><strong>De</strong></span> <span class='ocrx_word' id='word_1_258' title='bbox 130 3681 201 3746; x_wconf 87' lang='lat' dir='ltr'><strong>.qua</strong></span> <span class='ocrx_word' id='word_1_259' title='bbox 229 3657 370 3746; x_wconf 88' lang='lat' dir='ltr'><strong>suscepit</strong></span> <span class='ocrx_word' id='word_1_260' title='bbox 398 3659 510 3723; x_wconf 86' lang='lat' dir='ltr'><strong>Aream</strong></span> <span class='ocrx_word' id='word_1_261' title='bbox 538 3666 571 3721; x_wconf 83' lang='lat' dir='ltr'><strong>et</strong></span> <span class='ocrx_word' id='word_1_262' title='bbox 599 3655 846 3738; x_wconf 79' lang='lat' dir='ltr'><strong>Creontiadem,</strong></span> <span class='ocrx_word' id='word_1_263' title='bbox 880 3680 960 3744; x_wconf 87' lang='lat' dir='ltr'><strong>quos</strong></span> <span class='ocrx_word' id='word_1_264' title='bbox 988 3656 1115 3726; x_wconf 87' lang='lat' dir='ltr'><strong>Iunonis</strong></span> <span class='ocrx_word' id='word_1_265' title='bbox 1144 3657 1232 3730; x_wconf 84' lang='lat' dir='ltr'><strong>in-ss</strong></span> 
     </span>
     <span class='ocr_line' id='line_1_37' title="bbox 54 3740 1270 3841; baseline -0.012 -29"><span class='ocrx_word' id='word_1_266' title='bbox 54 3743 170 3841; x_wconf 76' lang='lat' dir='ltr'><strong>stinctu</strong></span> <span class='ocrx_word' id='word_1_267' title='bbox 191 3742 299 3811; x_wconf 81' lang='lat' dir='ltr'><strong>lurore</strong></span> <span class='ocrx_word' id='word_1_268' title='bbox 321 3757 486 3833; x_wconf 86' lang='lat' dir='ltr'><strong>correptus</strong></span> <span class='ocrx_word' id='word_1_269' title='bbox 508 3740 632 3809; x_wconf 85' lang='lat' dir='ltr'><strong>oceidit</strong></span> <span class='ocrx_word' id='word_1_270' title='bbox 742 3766 747 3776; x_wconf 90' lang='lat'>·</span> <span class='ocrx_word' id='word_1_271' title='bbox 1064 3773 1066 3777; x_wconf 36' lang='lat' dir='ltr'><strong><em>f</em></strong></span> <span class='ocrx_word' id='word_1_272' title='bbox 1214 3791 1217 3795; x_wconf 88' lang='lat'><strong>.</strong></span> <span class='ocrx_word' id='word_1_273' title='bbox 1269 3757 1270 3760; x_wconf 43' lang='lat'>¹</span> 
     </span>
    </p>
   </div>
   <div class='ocr_carea' id='block_1_11' title="bbox 427 3832 863 3994">
    <p class='ocr_par' dir='ltr' id='par_1_14' title="bbox 427 3832 863 3994">
     <span class='ocr_line' id='line_1_38' title="bbox 427 3832 863 3994; baseline -0.007 -24"><span class='ocrx_word' id='word_1_274' title='bbox 427 3895 519 3971; x_wconf 77' lang='lat'><strong>159.</strong></span> <span class='ocrx_word' id='word_1_275' title='bbox 576 3832 863 3994; x_wconf 19' lang='lat' dir='ltr'><strong>Eurytus...</strong></span> 
     </span>
    </p>
   </div>
   <div class='ocr_carea' id='block_1_12' title="bbox 54 4020 1191 4202">
    <p class='ocr_par' dir='ltr' id='par_1_15' title="bbox 54 4020 1191 4202">
     <span class='ocr_line' id='line_1_39' title="bbox 138 4020 1191 4117; baseline -0.001 -25"><span class='ocrx_word' id='word_1_276' title='bbox 138 4024 298 4117; x_wconf 77' lang='lat' dir='ltr'><strong>Eurytus,</strong></span> <span class='ocrx_word' id='word_1_277' title='bbox 330 4047 386 4094; x_wconf 78' lang='lat' dir='ltr'><strong>rea</strong></span> <span class='ocrx_word' id='word_1_278' title='bbox 408 4023 600 4103; x_wconf 89' lang='lat' dir='ltr'><strong>Oechaliae,</strong></span> <span class='ocrx_word' id='word_1_279' title='bbox 630 4021 720 4089; x_wconf 91' lang='lat' dir='ltr'><strong>lolen</strong></span> <span class='ocrx_word' id='word_1_280' title='bbox 744 4020 838 4088; x_wconf 86' lang='lat' dir='ltr'><strong>filiam</strong></span> <span class='ocrx_word' id='word_1_281' title='bbox 859 4022 1029 4112; x_wconf 88' lang='lat' dir='ltr'><strong>denegarit</strong></span> <span class='ocrx_word' id='word_1_282' title='bbox 1060 4024 1191 4093; x_wconf 84' lang='lat' dir='ltr'><strong>Herculr</strong></span> 
     </span>
     <span class='ocr_line' id='line_1_40' title="bbox 54 4105 1191 4202; baseline -0.004 -24"><span class='ocrx_word' id='word_1_283' title='bbox 54 4122 152 4181; x_wconf 79' lang='lat' dir='ltr'><strong>antea</strong></span> <span class='ocrx_word' id='word_1_284' title='bbox 174 4113 376 4202; x_wconf 83' lang='lat' dir='ltr'><strong>promissum,</strong></span> <span class='ocrx_word' id='word_1_285' title='bbox 407 4107 481 4176; x_wconf 88' lang='lat' dir='ltr'><strong>ideo</strong></span> <span class='ocrx_word' id='word_1_286' title='bbox 503 4108 589 4196; x_wconf 91' lang='lat' dir='ltr'><strong>quod</strong></span> <span class='ocrx_word' id='word_1_287' title='bbox 611 4131 682 4178; x_wconf 86' lang='lat' dir='ltr'><strong>eam</strong></span> <span class='ocrx_word' id='word_1_288' title='bbox 702 4107 806 4174; x_wconf 86' lang='lat' dir='ltr'><strong>suerat</strong></span> <span class='ocrx_word' id='word_1_289' title='bbox 837 4105 1040 4192; x_wconf 84' lang='lat' dir='ltr'><strong>dehortatus,</strong></span> <span class='ocrx_word' id='word_1_290' title='bbox 1072 4110 1191 4183; x_wconf 87' lang='lat' dir='ltr'><strong>dicens,</strong></span> 
     </span>
    </p>
   </div>
   <div class='ocr_carea' id='block_1_13' title="bbox 805 4223 950 4288">
    <p class='ocr_par' dir='ltr' id='par_1_16' title="bbox 805 4223 950 4288">
     <span class='ocr_line' id='line_1_41' title="bbox 805 4223 950 4288; baseline 0 -47"><span class='ocrx_word' id='word_1_291' title='bbox 805 4223 828 4288; x_wconf 73' lang='lat'><strong>9</strong></span> <span class='ocrx_word' id='word_1_292' title='bbox 947 4231 950 4241; x_wconf 90' lang='grc'><em>,</em></span> 
     </span>
    </p>
   </div>
   <div class='ocr_carea' id='block_1_14' title="bbox 0 0 1312 4658">
    <p class='ocr_par' dir='ltr' id='par_1_17' title="bbox 0 0 1312 4658">
     <span class='ocr_line' id='line_1_42' title="bbox 0 0 1312 4658; baseline 0 1"><span class='ocrx_word' id='word_1_293' title='bbox 0 0 1312 4658; x_wconf 95' lang='lat' dir='ltr'><strong> </strong></span> 
     </span>
    </p>
   </div>
  </div>
 </body>
</html>
