2632 4658
138 156 250 235 aso·
345 158 576 264 xargnogr.
604 122 683 289 ιιι.
738 159 800 236 ιι.
852 160 1014 291 4-ss¹

15 342 19 348 ’
140 362 241 432 prope
259 341 331 412 litus
352 364 446 411 sacra
463 343 679 423 celebrarent,
714 343 819 410 subito
841 341 1013 432 piratarum
1033 338 1173 410 adventa
1193 360 1265 443 rap

140 439 194 495 tae
214 438 247 497 et
274 439 456 517 asportatae
483 441 594 511 suut,'
610 429 694 496 inter
722 451 802 517 quas
830 438 864 495 et
891 429 1116 518 Hymenaeus,
1150 426 1207 515 qui
1234 447 1265 491 rn

139 511 250 580 habitu
284 513 427 582 muliebri
460 524 597 583 amatam
631 512 791 600 virginem,
812 514 1020 591 subsecutus,
1058 510 1165 602 puella
1197 531 1266 577 cre-

142 595 226 665 ditus
241 611 304 667 est.
352 599 483 667 Piratae
512 621 588 666 vero
607 599 639 665 in
661 598 834 687 longinqua
862 600 995 685 regione
1022 608 1151 688 portum
1172 596 1269 677 neoti,

116 683 183 748 oab
227 683 462 772 insequentibus
502 695 575 753 sunt
609 684 775 751 interemti.
831 684 1038 773 Hymenaeus
1075 684 1179 771 igitur
1210 688 1267 769 'r'e-
1295 736 1298 741 .

66 816 69 822 Α
137 767 218 833 lictis
248 769 291 834 ibi
323 769 511 855 virginibus,
549 770 688 837 Athenas
715 789 878 845 reversas,
913 768 1051 835 dilectae
1089 766 1216 856 nuptias
1248 788 1267 833 a

139 851 258 920 civibus
276 866 391 942 pactus
423 867 488 934 est,
519 853 546 920 si
578 855 658 921 filias
686 854 724 920 iis
751 853 949 921 restituisset
1004 853 1094 928 Quas
1121 852 1197 920 abir
1209 872 1267 955 pro

71 958 78 963 ·
138 949 212 1007 roto
233 939 387 1016 restitnit,
424 949 606 1028 exoptatam
638 938 729 1007 duait
750 960 891 1005 uxorem.
946 938 1011 1005 Cui
1031 939 1114 1026 quia
1135 936 1266 1006 lel‘rctter

137 1022 319 1111 conjugium
340 1024 405 1094 obti
431 1024 471 1105 't,
505 1024 654 1105 obtinuit,
692 1034 729 1091 ut
755 1045 870 1090 nomen
905 1022 1025 1108 sinsin
1046 1045 1088 1088 nu
1113 1022 1166 1090 tiis
1183 1021 1285 1109 inro-¹

97 1117 241 1175 locetur.
293 1108 378 1175 Nam
433 1131 622 1201 ymenaeum
644 1107 896 1190 adolescentem,
924 1117 961 1176 ut
990 1046 1128 1175 nonnulli
1150 1106 1268 1189 dicunt,

51 1260 54 1265 ,
137 1192 191 1259 die
230 1194 409 1283 nuptiarum
441 1195 533 1261 ruina
567 1216 754 1284 oppressum
783 1216 871 1275 esse,
911 1190 1056 1281 ideoqne¹
1082 1191 1268 1281 expiationis

83 1308 89 1319 ··
137 1298 236 1345 causa
255 1296 371 1345 nomen
389 1280 421 1346 in
441 1279 557 1368 nuptiis
574 1280 723 1359 invocari,
744 1279 855 1347 falsum
877 1299 950 1344 esse
970 1276 1100 1346 Servius
1122 1277 1268 1361 affirmat.

76 1370 79 1375 ’
221 1363 252 1429 d.
295 1363 392 1439 Quod
422 1386 499 1432 vero
526 1366 620 1453 tingit
649 1364 816 1452 Virgilius,
856 1364 964 1429 Aenea
992 1364 1024 1429 in
1049 1363 1190 1452 Libyam
1214 1384 1269 1451 ap·
1306 1432 1309 1439 ,

136 1446 246 1535 pulso,
265 1448 377 1516 Jovem
397 1448 429 1515 ln
453 1472 577 1517 summo
598 1449 687 1517 caelo
709 1473 783 1516 cum
803 1449 929 1514 Venere
949 1447 1151 1530 convenisse,
1169 1452 1280 1517 mec*

96 1533 275 1622 nbnymiam
312 1534 395 1600 illam
425 1534 601 1601 secundam
634 1534 788 1601 mathesin
825 1531 949 1601 videtur
980 1532 1137 1600 ordinare.
1187 1530 1271 1599 Neu

138 1616 227 1682 stella
247 1617 358 1683 Jorlali
377 1620 410 1684 in
430 1618 595 1693 altitudine
615 1642 673 1687 sua
686 1620 797 1706 posita
819 1639 891 1685 oum
913 1618 1003 1686 stella
1030 1615 1173 1686 Veneria
1202 1616 1270 1705 sig·
1310 1674 1316 1698 ,

137 1701 258 1768 nificari
279 1701 410 1784 dicitur,
438 1705 524 1794 qnod
545 1722 604 1793 per
620 1705 783 1771 mulierem
800 1702 903 1792 aliqua
927 1703 1058 1771 felicitas
1078 1710 1273 1791 proventura

137 1787 187 1867 sjt.
243 1785 338 1877 Ergo
369 1789 443 1877 quia
471 1793 595 1857 Aeneas
631 1790 663 1856 in
689 1802 817 1893 partem
854 1790 947 1877 regni
973 1811 1032 1879 per
1065 1786 1274 1855 accaciouem

139 1870 278 1961 conjugii
300 1883 370 1940 erat
388 1873 613 1957 admittendus,
636 1874 760 1941 idcirco
778 1875 842 1940 hoc
862 1880 959 1962 poeta
979 1873 1151 1963 praemisit.
1187 1870 1273 1941 lllud

97 1956 237 2025 coenam
256 1955 375 2026 ibidem
397 1960 656 2040 animadvertes,‘
676 1958 771 2049 qaod
794 1959 983 2048 penitissime
1011 1957 1090 2026 dixit
1109 1958 1274 2026 Venerem

137 2055 215 2109 tnnc
235 2042 315 2110 love
336 2044 524 2129 tristiorem3
561 2068 599 2112 ex
621 2068 685 2134 quo
708 2046 888 2134 significat,
916 2045 1034 2121 exitum
1062 2042 1172 2110 uxoris
1191 2042 1274 2110 inse·

138 2127 230 2194 licem
252 2127 414 2212 suturnm;
446 2153 520 2198 nam
548 2154 584 2197 se
605 2129 742 2281 denippue
762 2129 849 2196 Dido
874 2130 1041 2196 interemit
1095 2126 1198 2203 Quod
1219 2150 1275 2196 aa·

138 2224 203 2279 tem
223 2213 416 2280 Mercurium
442 2215 518 2284 facit
539 2240 559 2281 a
578 2217 660 2282 Jove
702 2219 870 2283 ellnentem
900 2215 942 2281 ad
964 2235 1116 2280 occasum
1138 2212 1275 2279 descen·

141 2296 248 2378 dere,
272 2297 305 2363 id
339 2310 388 2366 est
417 2298 460 2364 ad
486 2301 548 2367 ima
578 2314 753 2380 terrarum,
793 2301 931 2387 ostendit
963 2299 1116 2367 amicitias
1169 2298 1275 2367 uidem

98 2382 229 2463 aesone,
276 2381 342 2449 sed·
369 2385 497 2459 minime
533 2364 683 2451 diuturno
720 2400 864 2475 tempore
905 2405 1102 2473 permanere·
1190 2384 1276 2465 icant

96 2552 99 2557 ἱ
141 2467 236 2535 etiam
254 2469 485 2551 mathematici,
521 2471 647 2538 Venere
676 2471 709 2537 in
729 2471 862 2558 Virgine
881 2472 1001 2557 posita,
1033 2466 1274 2550 misericordeal

141 2553 288 2619 seminam
308 2555 406 2622 nasci.
447 2556 551 2644 Atque
571 2555 645 2622 ideo
664 2557 814 2643 Virgilius
835 2558 928 2642 tingit
955 2555 988 2621 in
1011 2554 1121 2620 habitu
1144 2554 1274 2657 virginis

141 2637 308 2705 venatricis
330 2641 488 2706 Venerem
512 2644 638 2707 Aeneae
673 2642 861 2709 occurrisse.
912 2640 1023 2715 Quare
1043 2649 1076 2705 et
1095 2638 1274 2707 misericor-

136 2721 215 2789 dem
234 2734 350 2825 postea
370 2725 516 2811 reginam
547 2735 696 2815 expertus
725 2737 798 2805 cst:
826 2737 858 2793 et
883 2726 916 2791 in
945 2724 1113 2792 venatione
1139 2747 1216 2791 cum
1238 2747 1274 2791 es

101 2822 138 2871 ao
167 2819 327 2875 emunxtns.
379 2809 464 2877 Nam
485 2810 573 2899 quod
595 2811 647 2876 nbi
669 2834 713 2878 ue
732 2813 762 2878 ei
782 2812 930 2878 comitem
951 2810 1008 2879 dat
1028 2809 1203 2891 Achatem,
1235 2812 1273 2895 nb

143 2829 207 2960 hoc
227 2893 444 2980 excogitatum
478 2906 546 2975 est,
580 2834 669 2983 quod
699 2892 777 2989 ἄχος
809 2896 1007 2961 sollicitudo
1037 2895 1273 2984 interpretatur,

164 3001 227 3046 nae
248 2999 364 3066 regum
384 3002 513 3069 semper
534 3003 642 3047 comes
666 2992 733 3066 est3
766 2982 831 3048 sire
851 2980 939 3069 quod
961 2979 1108 3046 omnibns
1134 2980 1273 3049 amabilis

19 3074 21 3079 '
143 3003 257 3145 lherit3
288 3064 395 3133 scribit
424 3064 507 3132 enirn
536 3066 578 3133 de
600 3067 714 3134 achate
734 3067 874 3147 Plinius,
911 3064 999 3153 quod
1033 3065 1058 3132 si
1086 3065 1160 3152 quis
1193 3065 1273 3132 hunc

141 3147 278 3236 lapidem
292 3149 325 3215 in
346 3150 440 3217 anulo
466 3144 631 3233 babuerit,
651 3153 775 3238 gratior
797 3163 863 3231 est3
895 3150 980 3231 sive,
1009 3161 1046 3218 ut
1066 3150 1111 3234 ait
1131 3149 1283 3239 Fulget-⁶

84 3234 224 3315 antius,
259 3234 391 3301 achates
417 3236 562 3303 tristitiae
583 3238 781 3304 consuetudo
803 3236 937 3318 dicitar3
973 3237 1014 3302 ab
1035 3234 1170 3311 infantia
1195 3236 1274 3304 euim

141 3319 300 3386 aerumnis
320 3320 489 3408 conjuncta
511 3335 560 3388 ert
579 3322 716 3389 hnmana
737 3335 858 3389 natura.
935 3338 937 3342 ·
1098 3399 1101 3404 ,
1132 3396 1135 3401 ,
1195 3322 1205 3331 ”
1280 3354 1285 3361 ·

225 3405 256 3471 5.
298 3403 360 3472 Est
381 3416 414 3472 ct
433 3406 540 3474 theolo
565 3407 617 3474 'ca
636 3409 727 3490 ratio,
738 3406 836 3562 ιἹιιοιί
857 3407 1044 3495 ignorantes
1066 3425 1162 3471 usum
1184 3426 1275 3472 reue

140 3489 220 3557 riam
241 3488 370 3558 numina
390 3490 498 3559 ridere
551 3495 685 3562 icuntur.
772 3492 835 3559 nde
869 3491 983 3559 merito
996 3487 1184 3557 idemVir
1209 3490 1274 3557 'lios

60 3654 62 3659 Ι
140 3575 348 3657 insecundo,
381 3578 508 3645 Venere
535 3602 571 3646 se
590 3580 623 3645 in
645 3579 753 3668 spissis
773 3579 892 3647 umbris
923 3575 1026 3644 noctis
1055 3573 1169 3642 conclu
1195 3587 1275 3655 ente,

100 3663 282 3729 nerueam
303 3661 382 3728 deos
404 3661 519 3731 vidisse
540 3675 777 3732 commemorat.
821 3662 920 3738 Quod
949 3672 1056 3728 autem
1078 3672 1153 3750 post
1175 3662 1276 3745 Vene-

141 3747 184 3813 ris
205 3749 390 3813 abscessum
412 3748 497 3816 diras
519 3750 563 3817 ait
583 3750 681 3816 lacios
704 3762 737 3816 et
764 3751 891 3816 nomina
918 3747 1047 3837 inimica
1080 3745 1276 3834 apparuisse,

141 3831 175 3898 id
196 3830 373 3899 secundum
401 3834 557 3902 mathesin
591 3836 800 3924 compositum
833 3834 968 3903 ridetur.
1022 3830 1159 3913 Veneris
1196 3831 1277 3897 enim

142 3929 326 4004 praesentes
348 3914 425 3984 radii
457 3920 701 3989 intervenientes
721 3921 917 4004 aneroticos,
947 3915 983 3984 id
1004 3926 1054 3984 est
1076 3915 1191 3984 noxios
1212 3916 1278 4019 pls·

142 4013 232 4070 netas
272 4016 471 4089 temperant,
516 4006 652 4073 Martem
689 4005 835 4075 videlicet
865 4017 898 4073 et
923 4005 1143 4090 -Satnrnnm,
1168 4024 1224 4091 qur
1254 4000 1278 4068 si

99 4100 248 4155 seoriam
268 4089 437 4175 geniturae
458 4090 554 4161 radiis
576 4091 843 4179 suppulsarerint,
871 4093 953 4160 vitae
972 4089 1130 4158 rationem
1152 4087 1276 4158 interei-

142 4173 221 4242 dere
240 4176 453 4247 aestimantur.
495 4173 591 4245 Unde
614 4190 689 4247 est:
