2632 4658
52 156 109 274 ι)
390 154 634 258 mxuma-1.
688 150 853 229 auus.

53 363 132 445 ecoe
148 340 194 444 ju
225 343 357 411 Atreum
377 362 474 422 vero,
504 360 603 431 quum
623 332 831 416 adolevisset,
851 336 884 403 in
904 332 1074 405 vindictum
1093 339 1198 443 patris

1 515 3 519 Ι
54 364 183 529 oomdm
223 427 307 495 Inde
327 439 361 496 et
380 431 672 515 Agamemnonem,
700 442 798 526 quum
827 422 1096 526 clytemnestram
1116 446 1199 491 uxo·
1228 444 1231 449 ·

54 535 123 579 rem
154 536 223 604 epus
252 511 484 615 adulterasset,
515 507 690 617 Aegisthus
723 508 893 577 interiecit
944 509 1051 585 Queni
1081 523 1199 599 postea

56 599 211 753 Oresdtles,
236 597 319 669 libus
345 602 612 687 Agamemuoms,
639 612 715 661 oum
744 618 803 677 eu,
832 617 929 685 qoam
951 593 1198 685 adulteraverat,

27 685 127 753 domi
150 684 183 753 ‘ds
223 716 226 721 ¹
258 742 263 751 .
287 742 290 749 ·
379 720 383 735 ¹

194 906 198 913 '
282 900 306 997 j
330 894 400 977 25.
423 954 427 959 -
454 895 656 979 Phrixus
686 910 731 981 et
763 896 913 975 Helle.

140 1022 280 1097 Phrixus
312 1039 347 1097 et
366 1026 462 1096 Helle
489 1028 624 1111 fratres,
650 1041 684 1100 et
711 1026 910 1099 Athamantis
943 1024 1032 1114 regis
1067 1034 1103 1095 et
1116 1025 1200 1093 'Ne-

54 1107 171 1202 phelae
198 1113 253 1181 filii
279 1110 436 1183 inmune·
467 1114 514 1181 Hi
530 1115 652 1184 insama
673 1116 785 1186 Liberi
810 1111 926 1207 abjecti
947 1134 1046 1201 quum
1066 1111 1099 1178 iu
1120 1110 1200 1180 silva

56 1209 218 1277 errareut,
251 1197 400 1289 Nephele
434 1212 538 1269 mater
559 1222 673 1269 eorum
714 1200 834 1271 dicitur
870 1196 1014 1278 venisse,
1051 1208 1087 1266 et
1114 1197 1199 1265 arie-

14 1294 50 1344 1⁰
58 1295 140 1363 tem,
166 1282 281 1351 vellere
311 1305 411 1352 erureo
442 1285 647 1375 insignitum,
688 1287 888 1365 exhibuisse,
917 1284 950 1351 in
981 1304 1076 1373 quem
1103 1304 1199 1371 prue-

55 1368 160 1437 dictos
187 1370 268 1437 filios
296 1392 372 1439 suos
388 1370 486 1461 jussit
512 1371 705 1456 ascendere,
733 1384 767 1442 et
790 1373 823 1439 in
851 1369 993 1439 Colchos
1014 1367 1056 1435 ad
1085 1390 1122 1435 re
1148 1388 1199 1435 em

55 1459 187 1522 Aeetam
220 1456 371 1538 transire,
407 1457 516 1546 ibique
550 1460 684 1528 arietem
720 1457 894 1527 immolare.
931 1490 975 1505 -
1016 1452 1076 1520 Vel
1140 1464 1199 1522 ter.

56 1541 166 1615 Quum
193 1538 358 1630 Nephele,
391 1565 477 1631 quae
504 1555 539 1614 et
563 1545 694 1624 Nubes,
723 1544 847 1613 insanie
867 1540 977 1609 Liberi
996 1540 1099 1631 patris
1121 1561 1198 1606 cou-

56 1626 136 1705 citu,
165 1625 274 1693 silvam
302 1638 445 1717 peteret,
476 1650 538 1698 neo
563 1629 664 1699 larem
691 1630 796 1699 mariti
820 1637 1001 1719 repeteret,
1032 1624 1102 1694 liliis
1123 1624 1201 1705 suis,

18 1711 181 1779 1⁵Phriro
212 1722 246 1780 et
265 1712 396 1794 Hellae,
421 1712 573 1799 Athamas
596 1736 784 1797 novercam,
815 1710 943 1783 nomine
961 1712 1116 1792 Inonem,
1147 1732 1200 1778 su·

55 1795 223 1886 perduxit;
242 1820 327 1887 quae
347 1801 506 1869 novercali
526 1801 601 1869 odio
623 1800 731 1894 pueris
753 1800 883 1871 exitium
906 1798 1111 1879 machinans,
1132 1818 1200 1864 ma·

54 1897 166 1950 tronus
199 1884 344 1971 rogarit..
378 1897 415 1977 ut
445 1886 605 1957 frumenta
643 1884 781 1961 serenda
820 1895 1079 1979 corrumperent,
1125 1882 1200 1957 Quo

56 1969 156 2051 sacto,
178 1968 281 2037 fames
300 1970 410 2039 innata
431 1984 489 2041 est.
519 1974 627 2051 Quum
640 1970 683 2040 ad
699 1972 872 2065 Apollinem
893 1968 1072 2040 consultum
1093 1965 1201 2037 civitas

57 2054 211 2135 misisset,
233 2055 293 2121 luo
315 2078 405 2135 eum,
435 2059 489 2146 qui
512 2060 627 2129 missus
648 2057 727 2138 luit,
757 2057 909 2148 corrupit,
930 2069 967 2126 ut
988 2054 1136 2133 referret,
1158 2053 1200 2120 ab

15 2140 190 2208 auoraculo
213 2137 360 2225 dictum,
376 2142 458 2210 libus
478 2144 582 2214 Nubis
601 2143 833 2227 immolandos3
863 2166 935 2210 nam
966 2152 1000 2210 ct
1026 2140 1097 2245 ipsa
1114 2138 1201 2219 dixit,

59 2248 116 2329 eos
160 2225 318 2295 lrumentu
345 2226 545 2309 incendisse.
605 2230 726 2309 Pater,
756 2230 880 2299 umens
901 2226 1008 2318 populi
1043 2223 1202 2307 invidiam,

58 2312 140 2378 hlios
162 2333 238 2380 suos
268 2311 397 2382 arbitrio
427 2336 587 2383 novercae
612 2313 788 2393 commisit,
820 2313 880 2384 sed
908 2311 1035 2382 occulte
1063 2310 1122 2381 illis
1150 2324 1204 2377 rei

58 2395 200 2466 medium
231 2395 330 2466 dedit.
372 2398 458 2468 Nam
485 2402 658 2482 Phrixum,
690 2401 801 2469 mortis
822 2423 903 2468 suae
931 2400 941 2466 i
969 2404 1099 2475 aarum,
1126 2396 1204 2464 euh-

59 2484 158 2563 misit,
181 2496 217 2573 ot
238 2484 391 2566 arietem,
420 2508 553 2555 aureum
573 2486 672 2554 vellus
693 2486 883 2565 habentem,
914 2508 933 2552 a
957 2484 1110 2565 duceret3
1138 2482 1218 2573 qui„

18 2568 195 2638 aerumnis
223 2580 303 2637 nutu
336 2568 536 2649 admonitus,
565 2583 603 2641 ut
629 2594 702 2640 cum
725 2592 838 2639 sorore
860 2571 1006 2659 lugeret,
1037 2566 1205 2636 confestim
1243 2584 1245 2589 ’

62 2666 194 2724 secum
216 2678 257 2723 ea
276 2656 373 2724 ruorti
393 2659 560 2727 subtraxit
603 2656 733 2725 Deinde
760 2680 859 2747 quom
880 2657 973 2725 arieti
993 2654 1206 2723 adhaerentes

60 2762 150 2811 mare
177 2753 446 2849 supernatareut,
464 2745 562 2811 Helle
588 2743 696 2897 puella
715 2743 748 2809 iu
769 2764 859 2848 mare
874 2741 1015 2847 cecidit,
1038 2751 1072 2808 et
1088 2758 1209 2807 nomen

60 2825 374 2994 ulhlfflltnltl
387 2821 1208 3004 irltltlilltff‘t‘.luttt‘nl'llltttl

18 2999 179 3087 cotemplo
207 2998 386 3079 dedicarit,
423 3002 512 3092 quod
544 3001 644 3071 draco
674 2999 876 3069 custodiebat
904 2997 1065 3067 insomnis.
1107 3000 1210 3075 Aeeta

70 3107 128 3156 rex
154 3085 311 3153 Phrixum
337 3085 438 3156 libens
467 3089 605 3177 recepit,
643 3086 805 3176 filiamque
839 3108 973 3153 uxorem
1006 3081 1105 3151 dedit
1160 3081 1208 3150 Et

85 3193 162 3239 uum
186 3193 226 3238 er
246 3194 286 3237 eu
306 3169 426 3241 liberos
450 3176 646 3264 decepisset,
670 3173 787 3241 veritus
809 3174 921 3251 Aeeta,
943 3192 983 3237 ne
1004 3191 1041 3238 se
1061 3191 1081 3236 a
1101 3188 1208 3256 mgno

54 3193 348 3348 dejiceret.(qn0d
363 3259 404 3337 ei„
413 3280 603 3350 responsum
627 3281 647 3324 u
669 3257 729 3326 diis
750 3258 871 3324 lueret:
892 3250 938 3323 ab
953 3254 1111 3320 advenae
1120 3274 1210 3342 pro·

61 3343 167 3431 genie
191 3352 338 3409 mortem
364 3346 521 3431 caveret)
551 3345 709 3412 Phrixum
747 3342 918 3410 interfecit.
980 3341 1023 3407 At
1052 3338 1108 3405 filli
1139 3338 1209 3429 ejus

22 3440 165 3503 :teretem
203 3424 436 3510 ascenderunt,
482 3444 519 3499 ut
557 3429 599 3498 ad
638 3451 731 3496 avum
771 3430 993 3497 Athamantem
1028 3424 1211 3492 transirent

64 3514 138 3579 Hos
165 3513 341 3600 naufragos
368 3518 476 3582 Aeson
506 3515 643 3604 excepit.
685 3514 808 3583 Postea
836 3514 934 3582 Iason
963 3508 1105 3579 Colchos
1135 3531 1210 3613 prp-

66 3598 172 3666 lectus
202 3609 251 3666 est
278 3620 337 3686 pro
368 3600 482 3669 vellere
502 3626 601 3671 aureo
620 3598 779 3683 tollendo,
815 3612 849 3668 et
877 3599 1052 3668 draconem
1081 3594 1211 3677 ocordrt,

67 3693 100 3751 et
120 3682 216 3753 vellus
238 3682 371 3753 sustulit
492 3726 497 3735 -

25 3896 112 3968 ao*
157 3898 161 3909 '
312 3826 432 3959 ’124
486 3884 903 3962 Peltasetlason.

154 4015 280 4096 Pelias,
312 4013 361 4083 vel
388 4013 526 4097 Peleus,
555 4037 614 4082 rex
640 4013 868 4105 Peloponnesi,
901 4010 1216 4081 substrueretur

70 4110 195 4183 Aeson,
226 4104 279 4191 qui
311 4108 417 4170 Aeson
445 4099 562 4183 filium,
591 4102 718 4167 nomiae
742 4101 921 4180 Iasonem„
937 4039 1064 4167 lrabuit
1106 4095 1215 4184 Igitur

70 4188 265 4280 praedictus·
283 4188 391 4265 Pelias
427 4186 536 4265 filium,
557 4185 664 4259 fratris
695 4186 799 4258 umuu
827 4187 870 4255 ob
900 4184 1048 4257 virtutem
1077 4181 1148 4274 ejus
1177 4203 1221 4255 ao.
