2616 4658
20 154 25 165 1
124 134 210 211 arc
445 133 628 238 nyaop.
655 133 728 255 ,¹¹¹-
783 131 849 239 ιι,
879 96 941 243 ἰ,
1017 158 1019 163 r
1121 116 1125 122 ’

128 320 280 424 solutum
311 321 572 411 interpretatura¹
589 332 705 413 quarta
722 324 853 411 Agave,
880 340 995 411 quam,
1026 319 1108 409 quis
1130 318 1261 389 nominis

129 408 200 498 eJus
219 409 440 498 interpretatio
461 407 510 475 rel
529 408 709 504 luccngrua
729 408 872 476 sonasse.
885 407 1041 501 risaflest,
1076 404 1126 473 rel
1144 406 1261 508 Latius

130 494 203 559 lucc
230 494 310 597 nita,
339 506 540 595 praetereas
580 506 687 562 tamen
708 493 849 596 insaniae
881 492 1161 596 comparabimus,
1188 513 1262 579 ,qma

131 578 269 645 Pontes
297 576 350 645 tun
381 601 431 645 sur
465 587 581 667 caput,
617 579 700 646 sicut
727 601 760 647 ru
799 576 906 643 fabula
935 578 1072 665 legitur,
1115 574 1262 643 vroleats

107 661 277 732 tabrcidit.
325 661 380 729 ‘Ut
401 674 507 731 autem
528 663 625 752 paulo
646 664 737 731 altius
759 660 857 730 ordiri
878 660 1060 742 videamur,
1099 653 1204 728 babet
1222 661 1262 727 t's·

132 748 223 825 bula,
266 745 425 832 Gigantes
447 749 613 817 liaccbum
630 749 820 818 inebriatum
842 747 1017 826 invenisse,
1047 757 1083 814 et
1106 746 1261 834 discerpta

131 856 171 899 ⁰⁰
194 854 251 919 μ’
268 835 430 914 'mmm’
468 834 567 900 ‘mm
596 832 1262 1071 'billagitlldllltplltldtlt

132 929 165 984 et
185 918 345 1004 integrum
367 919 587 985 resurrexisse.

131 1003 328 1088 interpretati
357 1002 524 1089 leguntur,
555 1003 635 1069 nibil
666 1003 751 1091 aliud
813 1003 947 1070 acchum
992 1024 1092 1091 quam
1136 1002 1262 1068 animam

92 1088 240 1154 tornandi
261 1085 499 1172 intelligendum
522 1100 718 1172 asserentem
751 1110 853 1176 quae,
887 1099 925 1154 ut
952 1088 1057 1155 ferunt
1080 1085 1263 1176 philosophi,

133 1172 275 1261 quamvis
297 1174 386 1258 qnasi
407 1174 605 1240 membratim
624 1196 683 1262 per
701 1173 811 1240 mundi
834 1194 972 1261 corpora
994 1171 1171 1253 dividatur,
1192 1178 1265 1241 suu*

26 1288 30 1296 ·
132 1278 193 1344 per
217 1268 325 1330 tamen
354 1278 392 1323 se
427 1257 653 1348 redintegrare
687 1260 829 1340 uidetur,
867 1257 1056 1345 corporibus
1090 1278 1264 1347 emergens,

42 1358 56 1389 'u
133 1352 167 1409 et
201 1363 238 1408 se
271 1341 429 1420 formans,
473 1342 550 1411 dum
583 1366 712 1434 semper
738 1367 804 1415 nna
835 1342 1015 1431 eademque
1048 1362 1264 1430 perseverans,
1290 1378 1293 1385 ·

12 1501 16 1510 .
71 1418 76 1445 '
132 1426 248 1501 ,nullam
268 1427 473 1515 simplicitatis
505 1451 584 1496 suae
612 1430 731 1517 patitur
763 1429 948 1495 sectionem.
978 1429 1078 1496 Hunc
1107 1428 1208 1513 etiam
1227 1426 1264 1493 ls-

12 1548 17 1561 ·
91 1512 241 1585 tubulam
262 1512 294 1577 in
316 1512 415 1603 sacris
437 1512 505 1606 ejus
534 1518 793 1602 repraesentasse
823 1513 985 1602 leguntur.
1084 1540 1089 1545 ·
1183 1564 1188 1576 .
1268 1518 1271 1527 “

460 1696 467 1723 t
499 1647 566 1730 15.
604 1651 901 1743 Hercules.

220 1771 267 1837 1.
294 1766 470 1837 Herculem
527 1791 637 1859 noque
663 1768 750 1836 Joris
779 1767 876 1835 lilium
907 1768 1005 1837 luisse
1033 1769 1164 1839 dicunt.
1213 1767 1265 1837 llic

137 1859 179 1924 ab
212 1855 279 1922 aliis
308 1854 461 1933 invictus,
504 1790 684 1944 amphalae
717 1866 824 1921 tamen
854 1876 933 1943 prae
962 1877 1074 1921 amore
1104 1856 1265 1945 subjacuit,

138 1965 223 2031 quae
239 1963 313 2007 cum
328 1962 405 2008 nere
427 1950 462 2006 et
476 1940 643 2009 mulierum
660 1941 772 2007 'officia
783 1941 892 2027 coligit
906 1962 1069 2007 exercere.
1116 1941 1265 2008 Hercules

18 2028 24 2044 “
76 2029 236 2115 Ιιιιίςίίιιι
255 2027 348 2177 spaloti
369 2019 482 2114 ἡρώων
496 2028 600 2108 κλέος,
624 2023 950 2112 virorum'fortiuns
964 2025 1098 2111 gloria,
1122 2026 1266 2115 interpre-

138 2125 232 2180 tatur.
310 2134 340 2178 rc
361 2110 468 2178 Alcaei
489 2134 589 2200 nepos
608 2110 743 2193 dicitur,
763 2108 849 2175 unde
870 2120 903 2173 et
923 2108 1051 2177 Alcides
1073 2113 1264 2188 nominatam

139 2191 224 2283 ἆλκῆ
244 2196 328 2263 enim
350 2197 480 2261 Graece
507 2196 725 2284 praesumtio
752 2193 876 2261 dicitur.
923 2194 1008 2260 Nam
1036 2205 1072 2260 et
1093 2197 1266 2275 Alcmenam

139 2294 271 2351 matrem
284 2281 393 2358 babet,
408 2280 880 2369 quaesalsnminterpretatur.
908 2279 1122 2347 Necmirum.
1150 2282 1266 2349 Etenim

51 2378 57 2385 ”
140 2390 181 2433 ex
199 2365 416 2454 igneingenii,
439 2375 475 2433 ut
496 2388 536 2430 ea
553 2365 651 2444 lorea
673 2388 713 2432 ex
732 2365 997 2455 praesumptione,
1017 2362 1051 2431 id
1064 2379 1117 2435 est
1133 2366 1267 2434 animosi·

97 2463 226 2531 tutata,
262 2462 299 2520 ut
318 2475 357 2519 ex
377 2474 437 2519 aro
457 2449 593 2530 Alcaeo;
623 2462 658 2518 et
681 2473 722 2517 ex
743 2451 809 2518 sale
830 2475 864 2519 sa
888 2451 1019 2529 icntiae,
1052 2462 1092 2519 ut
1112 2473 1158 2518 ex
1180 2466 1267 2521 matt

140 2538 309 2617 Alcmena,
343 2536 482 2603 virorum
514 2537 643 2604 tortium
673 2537 813 2603 uescitur
840 2476 963 2623 gldria3
1002 2558 1090 2621 quae
1120 2549 1268 2607 tameat

140 2621 268 2687 libidine
289 2634 468 2709 superatur.
514 2624 547 2692 O
563 2619 667 2709 ιφαλῆ
687 2620 771 2688 enirn
789 2623 917 2689 Graece
938 2618 1132 2687 umbilicus
1157 2624 1268 2692 dicitur.

140 2706 258 2788 Libido
281 2719 387 2773 autem
409 2707 440 2772 in
462 2707 547 2772 umbi
560 2707 610 2772 icu
632 2706 814 2774 mulieribus
843 2705 1033 2773 dominatur.
1088 2707 1268 2779 ostenditur

141 2814 239 2879 erga,
275 2790 364 2880 quod
394 2788 492 2856 libido
522 2791 618 2858 etiam
647 2792 794 2859 invictam
828 2791 939 2859 domat
958 2791 1121 2860 virtutem.
1167 2796 1268 2863 Eidern

99 2875 276 2956 sollerculi
291 2877 400 2944 Cacus
425 2879 522 2942 boves
544 2876 667 2944 furatus
689 2900 762 2945 esse
782 2876 908 2956 dicitur,
929 2888 961 2945 et
982 2899 1039 2943 eos
1062 2900 1126 2965 per
1145 2881 1269 2948 caudam

141 2964 174 3032 in
204 2960 388 3052 speluncam
416 2972 537 3031 tractos
578 2963 801 3044 abscondisse,
841 2986 938 3052 quem
974 2962 1139 3032 Hercules
1198 2987 1270 3053 ressa

141 3056 274 3154 gutture
302 3048 479 3126 interiecit,
504 3047 632 3115 -furnum
661 3062 695 3118 et
722 3048 870 3115 nebulam
904 3059 1119 3116 eructantem.
1202 3047 1271 3121 andr

142 3137 240 3223 agitur
261 3133 396 3199 malum
417 3135 653 3222 interpretatur.
695 3134 776 3203 ideo
797 3133 946 3201 Herculis
962 3135 1047 3201 bona
1067 3148 1180 3203 conca
1203 3137 1270 3211 iscit

143 3222 218 3309 quia
256 3219 359 3285 omnis
394 3219 579 3305 malignitas
608 3221 713 3288 virtuti
755 3221 914 3287 contraria
943 3229 1001 3285 est.
1026 3217 1100 3305 ¹,Iu
1132 3162 1271 3313 spdlunct

101 3332 136 3382 ss
146 3305 370 3380 absconditur,
411 3303 501 3392 quia
519 3325 691 3391 numquam
716 3306 894 3393 malignitas
922 3303 1021 3370 libera
1045 3311 1196 3377 terrenis
1225 3320 1269 3375 est

16 3422 19 3427 ¹
146 3391 213 3460 Sed
235 3388 413 3470 Hercules,
450 3387 554 3455 idest
574 3389 689 3470 virtus,
723 3403 756 3459 et
785 3390 884 3458 malos
904 3389 1054 3456 interficit
1076 3403 1114 3459 et
1137 3419 1201 3466 sna
1221 3396 1271 3461 rin·

145 3478 240 3561 dicat.
285 3477 394 3542 Cacus
421 3486 528 3625 aupm
553 3475 673 3543 sumum
695 3487 728 3544 et
746 3476 912 3553 nebulam,
945 3496 1028 3566 quae
1050 3475 1134 3545 visui
1158 3490 1270 3553 noem

146 3564 277 3641 emittit,
324 3561 398 3649 quia
426 3583 477 3627 ma
490 3561 545 3627 itia
572 3561 715 3635 occultas
748 3584 874 3650 semper
902 3559 1118 3647 deceptiones·
1151 3565 1272 3635 molitur.

145 3650 225 3718 Ideo
246 3663 280 3714 et
301 3645 418 3734 duplex
440 3645 572 3726 dicitur,
594 3647 669 3735 quia
690 3650 806 3717 malitia
828 3646 1035 3722 multilbrmis,
1059 3668 1131 3715 non
1156 3650 1272 3743 simplex

103 3737 216 3821 tuest.
240 3732 381 3821 ‚Triplici
403 3732 655 3820 namquemodo
677 3747 774 3802 aocet
788 3733 924 3812 malitia,
956 3744 1011 3797 aut
1032 3733 1222 3822 evidenter,
1247 3744 1274 3801 ut

76 3878 81 3886 .
145 3820 332 3909 potentian*
347 3828 422 3903 ,aut
436 3818 615 3895 subtiliter,
640 3830 675 3887 ut
696 3818 792 3886 falsus
814 3819 952 3894 amicus,
983 3828 1038 3883 aut
1061 3823 1215 3900 occulte,
1248 3829 1276 3885 ut

147 3907 208 3971 lnr.
251 3903 331 3970 Ideo
352 3904 445 3976 etiam
467 3906 649 3972 subtractos
671 3904 769 3973 bores
800 3903 983 3971 transversis
1016 3898 1111 3971 ducit
1133 3906 1276 3995 vestigiis

147 3992 221 4094 quia
242 4011 302 4077 per
323 3987 393 4055 auia
415 3988 620 4057 abducuntur
642 3991 736 4058 furta.
778 3992 832 4058 Do
855 3991 944 4054 Caco
965 4001 1075 4056 tataeu
1100 3992 1200 4061 aliter
1216 4014 1276 4060 sen·

80 4089 186 4148 'tatrt
206 4075 361 4140 Servius..
389 4074 497 4140 Cacus
519 4075 602 4142 enirn
620 4075 798 4143 secundum
823 4074 978 4153 lalurlam,
1000 4073 1124 4161 inquit.
1157 4074 1276 4145 Vulcani

79 4222 84 4229 .
149 4162 230 4229 filius
264 4161 340 4236 t'uit,
373 4179 432 4223 ore
460 4159 568 4249 ignem
589 4183 631 4235 ac
654 4160 777 4237 furnum
796 4158 957 4235 consens,¹
974 4159 1029 4248 qtri
1046 4160 1163 4235 -viciua
1185 4162 1276 4233 omnis
