2616 4658
140 181 218 259 rsa
413 158 592 283 synopi.
621 182 673 255 n.
728 179 807 256 rea
827 226 876 241 -
893 180 985 256 ror.
1108 147 1118 157 “

362 316 453 435 192..
506 363 723 463 «luppiter
759 375 803 438 et
840 365 1039 439 Electra.

220 489 367 578 Juppiter
387 510 459 555 cnm
479 489 627 570 Electra,
648 489 777 558 Atlantis
794 490 866 569 filia,
887 472 1047 559 Corinthi
1115 491 1144 558 is
1167 492 1273 559 ltaliae

140 597 248 655 uxore,
272 574 451 642 concubuit.
494 574 562 641 Sed
584 599 624 641 er
645 575 732 642 Joris
752 576 870 642 semine
891 587 981 644 natus
1008 587 1059 643 est
1123 578 1272 658 ardanna,

142 685 180 726 ex
203 659 348 727 Corinthi
367 658 488 738 Iasius,
518 660 572 748 qui
599 659 790 739 Thraciam,
826 663 880 727 ubi
905 673 954 729 est
983 662 1119 743 Samos,
1159 665 1268 743 tenuit,

116 762 234 834 squam
256 744 506 811 Samothraciam
526 745 704 813 nominavit.
745 745 913 813 Dardanus
934 768 1028 825 vero,
1051 768 1092 811 ex
1113 768 1270 836 responso

138 832 242 896 locum
264 841 404 909 mutans,
436 830 618 919 Phrygiam
648 831 749 908 venit,
784 832 932 919 Trojam,
967 852 1065 920 parra
1086 831 1120 896 in
1142 833 1269 900 vallibus

139 915 294 981 collocans
315 914 477 992 aedificia,
505 913 662 996 condidit,
690 938 823 1002 eamque
855 926 893 981 ert
915 940 974 983 sno
995 916 1121 981 nomine
1144 918 1268 985 Darda

45 1072 54 1093 ⁸
138 1001 221 1066 niam
241 1001 416 1066 nominavit.
459 1000 543 1085 Post¹
560 1000 649 1089 cnjus
674 1001 793 1067 obitum
812 1002 940 1067 Teucer
956 1002 998 1066 de
1014 1002 1115 1089 Creta
1130 1006 1266 1080 veniens,
1307 1046 1308 1094 p

134 1087 250 1174 junctis
271 1085 329 1151 sibi
351 1083 493 1150 Dardani
510 1086 622 1165 sociis,
653 1106 745 1150 arces
771 1096 803 1152 et
821 1087 944 1151 moenia
974 1086 1145 1153 constituit
1171 1090 1267 1154 .Post
1303 1111 1308 1164 r

97 1189 233 1258 nequem
269 1169 510 1250 Erichthonius,
557 1167 700 1236 Dardani
731 1169 826 1255 lilius,
865 1170 1017 1273 regnavit.
1076 1171 1141 1236 Cui
1186 1174 1265 1239 Tros

137 1259 216 1322 lilius
237 1278 329 1333 suus,
350 1254 482 1321 Tro‘am
498 1277 537 1320 er
557 1278 594 1320 se
607 1277 747 1334 conans,
773 1269 935 1322 successit.
977 1255 1040 1330 Qui
1061 1277 1165 1341 quum
1193 1258 1267 1323 dnos

138 1342 241 1443 lilios,
261 1340 340 1404 llum
353 1349 387 1406 et
406 1280 612 1420 rlssaracnm,
638 1341 823 1427 genuisset,
851 1340 913 1407 llus
934 1339 1034 1427 major
1054 1354 1155 1419 natu,
1190 1343 1265 1410 Tro·

155 1447 204 1491 am
235 1447 274 1490 ex
306 1446 364 1490 sno
392 1425 517 1490 nomine
544 1424 667 1490 Ilium
695 1446 827 1503 vocans,
869 1446 1003 1513 regnum
1024 1424 1184 1509 obtinuit,
1220 1428 1266 1516 qni

136 1450 405 1590 laomedontem,
439 1508 558 1576 Priami
577 1521 718 1597 patrem,
751 1508 870 1596 genuit.

97 1740 131 1791 15
169 1692 172 1697 ³
211 1700 213 1705 ¹
492 1707 586 1787 195.
638 1709 902 1786 Laomedon.
965 1752 970 1767 ι

219 1835 424 1919 Laomedon,
471 1859 528 1913 rex
565 1839 743 1928 Trojanns,
772 1860 869 1924 quum
890 1835 1021 1925 Trojam
1045 1800 1267 1909 aedilicatnms

138 1937 238 2005 esset,
259 1925 408 2012 Neptuno
429 1932 463 1989 et
484 1921 634 2012 Apollini,
667 1922 709 1990 ad
731 1923 860 1990 civitatis
891 1922 1168 1995 constructionem
1199 1949 1266 1993 con·

55 2062 57 2066 .
137 2011 259 2087 ductis,
290 2021 409 2076 certam
430 2006 471 2074 ad
493 2031 585 2075 sacra
614 2008 760 2075 facienda
785 2007 947 2096 pecuniam
977 2004 1125 2090 devovit;
1170 2035 1265 2098 quam,

137 2092 369 2161 imminentibus
406 2093 584 2181 promissis,
631 2093 672 2160 ad
709 2115 869 2160 murorum
913 2091 1066 2157 fabricam
1102 2097 1266 2164 transtulit

96 2181 309 2266 saltuumque
321 2181 505 2266 promissam
524 2177 703 2245 mercedem
724 2199 884 2243 murorum
908 2177 1061 2262 Neptuno
1082 2190 1119 2246 et
1140 2181 1266 2270 Apollini

138 2265 345 2350 denegasset,
380 2263 548 2351 Neptunus
579 2263 677 2329 iratus
712 2262 830 2349 Trojae
867 2260 993 2326 immisit
1024 2274 1128 2329 cetos.
1149 2275 1159 2307 a
1183 2264 1267 2332 Unde

136 2350 246 2436 Apollo
268 2344 444 2426 consultus,
464 2369 561 2446 quum
584 2359 616 2413 ct
634 2349 703 2434 ipse
721 2347 926 2423 irasceretur,
956 2346 1119 2413 contraria
1141 2371 1265 2438 respon·

138 2435 200 2515 dit,
222 2433 345 2513 dicens,
376 2430 584 2496 ot'iczendas
603 2431 739 2519 puellas
761 2429 890 2494 nobiles
910 2428 1030 2494 helois.
1053 2433 1189 2513 ‚Quum
1219 2456 1265 2502 au·

140 2533 205 2589 tem
225 2519 380 2605 principes
442 2517 619 2606 rojanorum
645 2514 876 2602 expostularent
902 2539 923 2581 a
954 2513 1203 2599 Laomedonte,
1238 2528 1266 2583 ut

96 2604 345 2755 uapplptdentiam
366 2600 478 2667 beluae
495 2601 592 2752 liharp
611 2600 766 2752 {radendo
777 2599 1098 2752 {pidaretiiimlbels
1119 2602 1266 2754 andalcipp

316 2708 427 2752 reem
455 2708 612 2752 accusaa
697 2708 746 2752 ura
810 2709 871 2751 ram
900 2709 919 2749 o
952 2707 991 2750 rcr
1072 2708 1136 2753 ue
1167 2711 1190 2754 n

136 2710 335 2839 Repseippms
352 2709 439 2836 gterrm
465 2770 599 2836 interfici
626 2709 735 2860 indit,
776 2709 962 2859 posteaqud
979 2768 1074 2849 dixit,
1095 2711 1265 2840 aom'pipm
1294 2736 1302 2823 l

125 2856 233 2942 filias
268 2854 387 2921 helnae
420 2853 618 2920 tradendae.
672 2855 784 2943 ltaque
813 2855 900 2921 multi
933 2852 1010 2920 filias
1039 2878 1137 2934 suas,
1185 2857 1264 2925 minis

137 2942 223 3028 regis
251 2939 371 3019 territi,
409 2939 635 3006 mercatoribus
667 2940 726 3005 alio
762 2939 1020 3027 transportandas
1056 2940 1264 3017 tradiderunt,

95 3050 246 3102 arearum
282 3024 454 3092 absentiam
489 3023 624 3103 facilius,
656 3047 750 3111 quam
781 3039 914 3091 mortem
941 3022 1124 3092 tolerantes.
1178 3022 1264 3104 Quod

135 3136 231 3201 quum
252 3112 361 3190 lieret,
398 3111 554 3210 Hippotes
575 3109 701 3196 quidam
723 3111 833 3176 nobilis
855 3110 966 3177 timens
992 3110 1077 3175 filiae
1101 3112 1264 3200 Segestae,

135 3222 177 3263 ne
212 3196 252 3265 ad
284 3207 371 3262 cetos
398 3195 454 3260 relr
480 3205 603 3273 aretur,
647 3195 824 3280 impositam
852 3218 923 3260 eam
952 3194 1021 3257 navi
1055 3195 1163 3278 misit,
1211 3218 1264 3286 qno

135 3285 201 3350 sors
231 3281 402 3348 obtulisset.
492 3300 550 3343 aec
580 3276 622 3343 ad
652 3280 789 3346 Siciliam
811 3278 931 3359 delata,
960 3279 1145 3347 aCrimiso
1169 3284 1264 3359 fluvio,

134 3369 167 3434 in
188 3391 296 3434 ursum
320 3365 367 3431 vel
389 3384 499 3429 canem
521 3385 689 3445 converso,
718 3386 887 3453 oppressa,
913 3367 1049 3428 Acesten
1071 3363 1194 3448 edidit,
1222 3364 1265 3455 qni

34 3496 37 3503 ·
94 3473 176 3520 etex
198 3453 305 3605 mpitris
334 3449 459 3518 nomine
486 3447 659 3532 civitatem,
688 3472 770 3539 quae
792 3448 887 3516 hodie
915 3448 1053 3534 Segesta
1080 3450 1266 3535 nominatur,

38 3604 41 3609 .
137 3538 229 3604 condi
253 3538 286 3606 it.
349 3540 355 3549 '

369 3705 463 3782 191.
516 3707 743 3782 Tithonus
771 3719 811 3779 et
838 3668 1044 3782 Aurora:

87 3907 93 3919 ι
221 3832 378 3900 Tithonus
400 3820 737 3915 frater'lnaomedontis
758 3832 824 3898 luit.
867 3832 964 3896 Hunc
978 3824 1116 3901 Aurora
1136 3838 1267 3906 amatum
1294 3818 1299 3921 l

138 3918 171 3983 in
200 3918 319 3984 caelum
353 3919 471 3986 levavit.
523 3921 585 3994 Qoi
614 3942 709 4007 quum
749 3928 859 4004 postea
893 3914 1165 4005 longinquitatem
1198 3925 1268 3990 ritae

100 4001 289 4079 rodefleret,
320 4003 352 4066 in
373 4002 516 4068 cicadam
537 4027 705 4071 conversus
727 4016 786 4069 est.
829 4000 894 4068 Hic
924 4002 1018 4066 etiam
1047 4003 1152 4074 filium
1176 4030 1268 4081 sunu,

139 4085 340 4236 Memnoppp
363 4086 566 4175 Aethiopem,
598 4111 636 4155 ex
665 4092 787 4155 Aurora
815 4084 1033 4175 progenitum,
1075 4091 1120 4157 ad
1158 4095 1269 4185 Trojae

139 4179 261 4238 mlSlbfl
303 4170 364 4239 ”aa
