2616 4658
102 201 232 307 ⁴sus
320 156 325 167 *
466 196 759 301 mynias-nt.
813 192 880 279 ra.
932 130 1022 271 a]
1189 198 1203 320 j

144 389 219 457 nist.
263 385 353 455 Nara·
366 378 453 476 ¹quod
476 380 607 452 sentus
633 382 761 451 minime
789 379 1136 470 primam-produeers
1157 372 1278 460 asserit,

144 475 220 564 quia
240 470 386 540 videlieet
406 472 572 537 Graecum
598 491 714 536 nornen
745 468 894 535 hasnam
914 487 978 534 non
999 468 1136 556 recipiat
1158 476 1277 556 etymo-

12 568 17 581 '
143 557 346 646 logiam,·de
368 578 408 621 eo
431 556 573 634 Tullius,
595 567 631 622 at
651 574 749 642 supra
769 553 944 633 innuimus,
963 551 1014 619 alii
1036 575 1078 617 ue
1098 574 1165 618 non
1188 550 1277 639 pauci

145 638 314 711 dissenu‘re
335 641 488 708 vitatur.
531 641 633 707 Varro
655 639 793 727 denique
811 638 870 707 ait:
899 576 1129 724 Etymhogia
1148 648 1277 702 certam
1303 646 1306 651 '

119 748 214 797 anon
234 726 338 793 labet
352 726 616 814 proprietatem,
635 726 697 790 secl
715 745 780 812 pro
800 733 907 811 capta
926 723 1065 809 ingenii
1073 717 1141 807 fit.
1187 724 1277 792 Nara

126 822 177 878 'et
194 811 403 878 vestibulum
433 810 636 876 'astantia
658 809 802 896 eoquod
815 811 969 895 januam
983 808 1134 886 vestiat,
1154 828 1277 872 secan·

141 895 227 963 dem
247 896 381 962 aliare
407 835 520 964 besta
535 895 642 982 (nam
666 892 797 962 Vestae
815 893 921 957 limen
935 902 1181 957 consecratam
1202 889 1276 976 est),

110 991 200 1061 at,
226 991 267 1047 at
294 980 362 1047 alii
394 979 533 1060 volitat,
564 979 657 1068 'qaod
685 977 762 1044 illic
792 977 914 1044 nullas
932 985 1022 1052 stet,
1048 975 1202 1040 ’dictam
1223 985 1275 1041 ert·

19 1108 21 1113 -
145 1064 322 1147 Quomodo
343 1064 437 1131 enim
469 1086 615 1131 vesanas
645 1086 709 1130 nou
730 1085 869 1137 sanas„
885 1062 937 1127 sia
964 1057 1200 1143 uestibulum,
1226 1060 1273 1124 ia-

100 1150 289 1237 loquiant,
325 1149 429 1239 quasi
462 1171 526 1217 non
557 1146 735 1214 stabulum
768 1147 903 1214 dicitur
911 1169 923 1224 3
957 1145 995 1210 ia
1023 1144 1155 1221 limine
1191 1145 1273 1211 enirn
1307 1147 1308 1150 ’

143 1233 237 1298 salas
256 1245 307 1299 est
327 1234 514 1299 transitus.
556 1233 630 1300 Utri
657 1245 764 1302 autem
793 1233 878 1322 parti
899 1228 1070 1311 favendum¹
1100 1229 1164 1311 sit,
1191 1230 1273 1321 juxta

142 1318 471 1387 contraveniendo
511 1320 678 1387 contrariis
706 1318 841 1406 'legibus
876 1317 1020 1405 relinquo
1053 1316 1272 1383 ventilarhluu.

141 1403 242 1471 Pater
263 1404 359 1473 etiam
378 1402 452 1471 lioet
474 1404 615 1472 omnium
633 1403 770 1472 deorum
791 1425 906 1471 nomen
929 1405 971 1471 sit
984 1402 1154 1491 generale,
1175 1415 1272 1472 tumel
1307 1422 1308 1428 ’

141 1487 269 1643 proprie
288 1489 409 1557 Libero
429 1511 557 1578 semper
585 1490 756 1571 oohaeret3
793 1513 868 1558 nam
888 1475 988 1555 Liber
1015 1497 1110 1574 pater
1141 1500 1271 1553 voosmr.

99 1592 135 1645 lh

169 1574 318 1641 olendum
338 1587 462 1654 tamen,
484 1596 544 1662 pro
565 1575 716 1662 qualitate
737 1596 845 1644 rarum
865 1573 913 1640 vel
932 1594 1169 1661 personarum,
1197 1594 1271 1637 sun-

142 1681 228 1728 ruum
250 1659 348 1726 deum
370 1659 433 1727 diei
454 1661 501 1725 vel
528 1671 664 1748 patrea
715 1661 882 1728 Summum
905 1659 988 1725 enim
1013 1658 1157 1747 quisque
1186 1657 1271 1725 (leun

131 1756 251 1823 -vooat,
273 1768 369 1833 quem
390 1746 572 1835 praeeipua-
585 1758 778 1835 veneratur,
804 1745 888 1813 Inde
907 1755 972 1812 ast:

227 1830 369 1896 Summe
387 1826 491 1895 desim
511 1831 629 1896 sanati
648 1842 764 1897 castos
787 1830 943 1900 Soractia
964 1826 1104 1917 Apollo.

139 1913 278 2005 Proprie
299 1926 405 1982 tamen
429 1915 491 1981 hoa
514 1912 677 2004 epitheton
700 1919 772 1985 Jovi
792 1916 902 1984 datum
925 1924 990 1995 est,
1023 1923 1079 1979 ut:

21 2040 25 2047 ‹
96 2013 134 2064 ιο
228 1999 344 2067 Nate.
378 2000 472 2065 atris
499 2002 646 2078 summi,
678 2002 739 2092 qai
759 2002 831 2069 tela
861 1997 1023 2088 Typhoea
1050 1999 1199 2076 tantais,

141 2086 225 2154 Sunt
262 2096 295 2154 et
362 2087 392 2151 ‘a
423 2084 518 2174 hujus
551 2099 583 2154 et
615 2089 765 2169 aliorum,
807 2085 850 2154 da
886 2083 1001 2174 quibus
1036 2083 1182 2170 egimus,
1200 2080 1271 2148 da

140 2193 213 2238 rum
240 2170 415 2250 voeabula,
445 2170 488 2235 de
516 2172 630 2258 quibus
657 2171 875 2240 authenticam
895 2191 960 2236 non
987 2167 1053 2254 legi
1076 2170 1269 2257 scripturam,

134 2255 239 2330 Quod
260 2256 344 2323 enim
364 2254 486 2325 Libero
507 2255 694 2338 adhibetur,
716 2269 752 2325 ut
779 2257 917 2324 Iaaohus
940 2254 1089 2336 dicatur,
1120 2255 1174 2321 vel
1194 2250 1268 2343 quod
1304 2252 1308 2304 l

37 2354 53 2363 “
141 2341 240 2409 Euius
259 2338 461 2429 hunoupetur
476 2339 587 2430 (quod
608 2341 733 2408 honam
751 2365 899 2430 pueram
918 2340 1122 2428 interpretari
1137 2337 1268 2420 dieunt),

60 2429 65 2442 '
97 2427 217 2495 saitem
239 2426 479 2514 quod-Briseus
501 2428 694 2517 appelletur,
713 2425 747 2493 id
769 2438 819 2496 est
839 2426 1053 2514 exprimens,
1067 2423 1160 2514 ·quia
1181 2427 1268 2492 Line

11 2504 18 2521 ‘
141 2513 261 2599 primus
290 2504 396 2579 linum
423 2513 465 2578 ab
495 2535 556 2579 uva
586 2514 797 2601 expresserit,
833 2511 884 2578 lae
915 2513 956 2578 ab
986 2510 1105 2590 ubere,
1143 2511 1209 2578 mel
1235 2509 1268 2574 de

142 2599 213 2662 lavo
243 2596 311 2684 (vel
333 2592 465 2665 Briseus
503 2610 554 2664 est
572 2598 750 2680 ltirsatas3
785 2620 859 2665 nam
880 2607 914 2663 et
933 2595 1013 2663 duas
1031 2596 1064 2660 in
1086 2592 1269 2665 Graehiais

142 2683 257 2767 fertur,
279 2681 428 2749 habuisse
459 2693 598 2761 statuas,
638 2682 770 2751 alteram
795 2684 973 2748 hirsutam
1009 2679 1132 2748 dietam
1163 2681 1268 2757 Brisei,

77 2784 83 2801 *
141 2767 273 2833 alteram
302 2767 412 2831 lenem
441 2766 738 2855 dictam.Lenaei);
771 2769 821 2835 vel
841 2765 929 2854 quod
945 2767 1171 2839 Bassareusa
1193 2774 1269 2834 sesa

13 2912 16 2917 ,
98 2852 209 2941 noejus
229 2873 267 2917 us
289 2872 333 2917 ue
353 2850 396 2917 ad
414 2851 513 2939 pedes
533 2850 672 2927 demissa
689 2862 838 2933 voaehrr,
860 2851 947 2921 diota
968 2875 988 2919 a
1008 2853 1268 2920 nomina-looi-in

140 2934 245 3027 hydia
255 2875 311 3002 uhi
324 2937 423 3004 fiebat
432 2934 538 3024 (uada
548 2948 580 3004 et
591 2938 680 3027 ipsae
694 2937 856 3007 ministrae
869 2936 1057 3015 Bassaridas
1070 2946 1268 3029 nuncupatae

141 3023 332 3111 putantur),
368 3033 405 3089 ut
434 3023 606 3103 Horatius:
655 3024 813 3090 Candide
845 3023 1043 3107 Bassarea3
1065 3036 1101 3092 et
1124 3025 1233 3092 Naro:

169 3146 187 3177 .Χ
225 3107 410 3187 Bassaris,
435 3120 483 3173 ‚et
499 3108 649 3198 ¹Lyaeo,
668 3109 829 3174 Maenas
845 3106 991 3198 flexura
1017 3109 1196 3197 corymbis
1203 3136 1217 3189 3

142 3190 224 3259 haee
246 3192 321 3280 quia
339 3192 375 3256 iu
393 3193 584 3260 authenticis
606 3214 670 3259 non
690 3190 818 3280 repperi
845 3189 1138 3275 editionibus,'vel
1165 3194 1267 3300 vulp·

100 3276 210 3358 saria,
229 3277 280 3343 'vel
299 3287 422 3344 temera
442 3277 626 3360 adinventa,
644 3278 709 3357 ¹vel
730 3278 830 3358 salsa,
865 3278 914 3345 vel
935 3278 1126 3383 apocrypha
1147 3280 1236 3349 dun.

20 3423 25 3433 χ
226 3360 275 3450 hij
298 3359 398 3431 ludos
419 3363 467 3428 vel
491 3364 533 3430 ob
555 3364 629 3430 hoa·
642 3362 739 3453 juxa
765 3363 974 3451 Fulgentium
1003 3363 1126 3432 diortrn
1153 3368 1268 3442 γίοἱςω,

112 3524 121 3532 ,
142 3446 230 3536 quod
246 3447 300 3514 sol
322 3470 379 3515 eos
400 3447 477 3518 facit
510 3460 694 3536 potatores,
715 3449 777 3514 .rel
797 3449 885 3553 quod
905 3449 959 3518 hie
978 3449 1015 3518 fit
1034 3451 1216 3523 Falernum
1233 3451 1267 3519 ri

141 3554 217 3601 num
244 3532 293 3601 sel
325 3533 555 3619 Mareoticum
575 3534 694 3625 >eujus
726 3534 844 3625 inquit,
874 3534 945 3604 vini·
966 3535 1054 3605 lanta
1082 3538 1189 3609 virtus
1218 3545 1266 3614 est

141 3629 178 3699 ut
205 3618 254 3685 vix
280 3618 411 3707 quilibet
446 3618 573 3690 anesus
609 3620 782 3693 sextarium
819 3621 853 3688 in
889 3643 1001 3693 mense
1033 3630 1145 3693 totum
1182 3623 1268 3693 tila

100 3699 239 3770 loUnde
258 3703 429 3773 Lucanus:
592 3740 595 3745 ·

203 3806 206 3810 ·
226 3786 444 3855 Indomitum
472 3791 596 3856 Meroi'
619 3811 745 3878 cogens
772 3815 790 3861 s
814 3808 937 3859 amare
963 3789 1178 3875 Falernum.

13 3956 16 3961 ⁶
141 3870 260 3960 Neque
289 3873 373 3941 enim
396 3897 480 3962 aqua
500 3879 596 3962 possa
625 3874 748 3943 domari
794 3878 897 3943 icitur.
938 3875 1080 3978 Legitur
1100 3892 1138 3947 et
1159 3881 1193 3946 ia
1211 3876 1269 3947 his·

143 3958 245 4039 toria,
276 3958 365 4046 quod
385 3960 469 4027 siout
492 3958 577 4050 apud
600 3961 625 4027 Δ
714 3963 774 4031 tios
799 3963 903 4029 Osiris
925 3974 1057 4030 mantus
1079 3961 1198 4047 Isidis,
1227 3963 1269 4031 sie

142 4039 230 4143 apud
252 4040 349 4109 ludos
371 4041 490 4124 Liber,
519 4068 617 4133 quoru
662 4069 683 4112 e
700 4048 739 4114 iis
758 4046 851 4117 trium
874 4048 1000 4128 hasset,
1016 4070 1125 4117 -usum
1148 4050 1268 4118 inrese-

101 4139 183 4196 tent
201 4126 404 4197 'vinearum'
440 4131 465 4195 Α
494 4127 633 4197 Marone
666 4133 804 4201 nutritus
858 4135 972 4213 toitur,
1007 4136 1100 4222 qtrasi
1131 4137 1266 4205 Marone.

144 4210 246 4292 Mero,
259 4212 341 4280 euim
361 4215 518 4281 nutritor
543 4216 756 4286 vinolentiae
790 4216 936 4289 dicttur.·
960 4219 999 4287 Iu
1020 4220 1165 4308 tigribus
1185 4219 1266 4291 sedet
