2632 4658
42 175 46 182 '
140 185 219 263 rea
346 300 348 304 Α
437 166 695 289 nynogsu.
750 181 1002 259 rra-rur.
1301 92 1308 282 l

435 369 527 446 172.
581 369 729 448 Arion
766 322 971 442 Lesbius.
1264 287 1308 451 l

224 495 318 586 Arion
341 495 477 562 Lesbius
498 493 699 563 citharoedus
721 492 856 582 optimus
879 493 946 562 luit.
989 494 1052 570 Qui
1082 515 1180 598 quum
1195 485 1263 560 ''l'a-
1306 498 1308 545 l

140 591 229 647 rento
252 580 438 647 Corinthum
459 604 531 647 cum
552 566 656 647 multis
677 590 803 668 pataret
821 578 949 667 opibus,
982 593 1015 647 et
1044 579 1102 646 sihr
1129 581 1162 644 in
1191 578 1265 645 mari
1304 556 1308 604 ⁴

61 711 64 723 ι
140 667 225 734 teudi
249 689 268 731 a
290 667 391 733 nautis
412 665 537 732 insidias
559 662 688 746 videret,
717 665 816 751 penit,
836 674 872 730 ut
892 664 1013 731 cithara
1032 660 1264 752 paululum'ca-

115 767 216 815 onere
233 751 294 836 ¹sihi
315 751 433 817 liceret.
474 752 547 824 Quo
569 750 672 828 lacto,
705 771 802 836 quum
829 747 870 815 ad
896 747 976 815 illius
997 773 1109 817 sonum
1123 748 1265 834 delphini

38 836 41 841 ’
138 836 373 917 convenissent,
403 835 542 902 excussit
569 856 605 900 se
629 853 725 922 super
746 856 860 912 unum,
893 845 926 900 et
944 835 987 903 ita
1009 834 1051 902 ad
1071 835 1265 903 Taenarium

80 956 82 960 ·
138 921 209 988 litus
232 932 364 1002 vectus·
378 920 542 991 imminens
562 920 667 991 vitavit
686 918 868 1010 periculum.
919 954 922 959 ·
1108 928 1114 939 “

491 1107 583 1181 175.
636 1105 911 1182 Arethusa.
1035 1133 1046 1165 τ

221 1206 377 1301 Arelhnsa
404 1232 579 1301 secundum
609 1233 728 1302 fabulas
753 1235 891 1303 venatrix
914 1231 979 1300 snit
1021 1222 1115 1304 Quae
1136 1226 1214 1294 dum
1234 1249 1267 1294 se

98 1316 169 1382 10iu
190 1316 310 1405 Alpheo
345 1329 418 1406 post
450 1321 589 1386 lahorem
618 1319 778 1400 ablueret,
815 1321 855 1386 ab
883 1341 921 1384 co
954 1312 1100 1383 adamata
1131 1324 1198 1394 estr
1237 1323 1267 1379 et

25 1475 27 1479 ¹
138 1402 191 1467 din
216 1403 357 1488 fugiens,
388 1402 520 1472 deorum
541 1405 741 1471 miseratione
761 1406 793 1470 iu
817 1405 935 1470 sontem
956 1404 1092 1481 mutata,
1119 1397 1162 1464 ad
1190 1397 1267 1464 Sici-

136 1488 209 1577 liam
245 1510 302 1575 per
334 1500 476 1555 secretos
504 1488 586 1554 venit
615 1500 746 1556 meatus.
797 1488 902 1562 Quam
928 1485 1065 1574 Alpheus
1095 1506 1199 1572 usque
1229 1481 1267 1548 ad
1306 1466 1308 1527 l

25 1575 28 1594 ¹
138 1571 275 1641 Siciliam
296 1571 410 1642 dicitur
429 1576 593 1663 persequi,
623 1585 657 1641 et
677 1572 769 1653 undis
789 1573 857 1662 ejus
879 1569 1082 1640 commisceri.

450 1736 543 1814 174.
596 1708 966 1842 Polyphemus(

96 1881 131 1931 le
223 1851 437 1953 Polyphemus
459 1864 598 2014 Cyclops
625 1865 740 1934 dicitur
766 1889 888 1934 amasse
902 1860 1081 1955 Nympham
1095 1857 1267 1924 Galateam.

136 1947 230 2023 Quae
251 1973 347 2036 quum
367 1951 444 2023 Acin
466 1971 550 2039 quen
574 1972 622 2015 am
646 1965 805 2040 pastorem
826 1961 970 2039 amaret2
988 1958 1025 2014 et
1040 1944 1267 2035 Polyphemum

136 2046 317 2121 sperneret,
350 2034 400 2100 ille
426 2037 525 2103 iratus
545 2035 624 2103 Acin
646 2038 789 2115 necarit,
821 2038 873 2125 qui
905 2046 1017 2124 postea
1038 2029 1195 2103 Galateae
1215 2028 1267 2093 mi·
1306 2046 1308 2057 ·

136 2119 293 2185 secatione
314 2119 345 2184 in
369 2120 488 2185 fontem
515 2132 652 2186 mutatos
681 2132 745 2198 est,
779 2122 833 2209 qui
860 2121 955 2186 hodie
985 2119 1025 2182 ab
1052 2113 1151 2180 Acide
1178 2114 1268 2179 Acis
1307 2164 1308 2171 ,

137 2204 324 2270 nominatur.
363 2202 594 2294 Polyphemum
616 2203 702 2271 mulli
724 2206 833 2271 dicunt
852 2211 948 2271 unum
970 2199 1094 2269 oculum
1114 2198 1269 2289 hahuisse,

93 2288 187 2356 anulii
210 2286 306 2368 duos,
336 2285 388 2353 alii
408 2299 490 2369 tres;
518 2288 605 2377 quod
627 2299 727 2356 totum
750 2291 928 2356 fabulosum
950 2299 1005 2354 cst
1047 2285 1129 2349 Nam
1154 2283 1206 2349 hic
1227 2282 1270 2346 vir

136 2372 395 2523 prudentissimus
424 2371 499 2450 suit,
528 2374 582 2460 qui
610 2376 652 2439 oh
672 2375 735 2441 hoc
754 2376 878 2459 oculum
894 2375 929 2439 in
951 2371 1054 2458 capite
1069 2369 1168 2458 juxta
1183 2389 1269 2431 cere-

159 2480 227 2524 rum
261 2457 408 2524 habuisse
434 2456 567 2540 dicitur,
602 2458 676 2548 quia
708 2461 918 2548 perspicacius
948 2455 1131 2546 prudentia,
1176 2472 1268 2540 qnam

137 2564 292 2629 corporeo
323 2542 437 2609 intuitu
467 2563 599 2608 cernere
627 2543 800 2611 videbatur.
842 2545 906 2609 Hic
928 2543 1000 2631 quia
1021 2541 1061 2604 ab
1083 2536 1176 2605 Ulixe
1197 2558 1270 2625 pru-

138 2627 247 2695 dentia
267 2630 494 2715 superabatur,
523 2629 565 2695 ab
594 2650 633 2693 eo
656 2642 802 2697 caecatus
825 2651 896 2696 esse
918 2628 1054 2715 fingitur.
1155 2639 1158 2643 ·

95 2810 134 2859 2⁵
540 2791 872 2894 175.Geyx.
963 2820 965 2823 ·

65 2986 72 3001 ,
223 2921 330 3010 Ceyx,
357 2920 438 2986 lilius
466 2919 625 3000 Luciferi,
657 2922 767 2990 habuit
789 2894 918 2986 uxoiem
940 2919 1120 3004 Alcyonem.
1163 2921 1272 3006 Aqua

138 3027 235 3092 quum
267 3005 442 3093 prohibitus
474 3007 553 3074 isset
581 3005 622 3073 ad
656 3005 881 3075 consulendum
914 3004 1084 3093 Apollinem
1115 3000 1158 3069 de
1188 3015 1288 3070 statu·

136 3090 229 3177 regni
256 3091 320 3171 sui,
353 3091 521 3178 naufragio
544 3093 647 3194 periit
690 3092 790 3183 Cujus
819 3112 936 3179 corpus
963 3111 1059 3177 quum
1079 3087 1120 3155 ad
1143 3111 1272 3154 uxorem

137 3176 309 3264 Alcyouem
339 3173 478 3242 delatum
509 3177 638 3256 fuisset,
672 3176 722 3244 illa
755 3198 792 3242 se
819 3176 852 3240 in
870 3174 1014 3262 ,pelagus
1030 3194 1035 3203 ’
1049 3174 1273 3262 praecipitavit

97 3261 259 3328 nnPostea
287 3260 487 3327 miseratione
515 3261 660 3326 'Photidis
689 3273 722 3328 et
747 3260 888 3326 Luciferi
918 3259 1058 3341 conversi
1086 3271 1160 3327 sunt
1179 3261 1271 3329 ambo

138 3346 170 3414 in
193 3345 444 3426 ascomannos,
474 3367 557 3435 quae
578 3345 724 3435 alcyones
746 3355 906 3413 vocantur.

504 3508 598 3585 176.
652 3507 910 3586 Aesacus.

225 3618 365 3708 Aesacos
393 3628 473 3706 lilius
503 3637 624 3706 Priami
645 3639 713 3708 fuit.
750 3639 820 3705 *Hic
841 3660 876 3704 sc
895 3632 1112 3726 praecipitarit
1132 3656 1152 3698 e
1173 3655 1274 3713 muro,

142 3748 202 3811 nen
221 3727 321 3814 Periit
363 3725 407 3793 Et
428 3737 524 3810 quum
545 3725 670 3813 saepius
692 3725 754 3789 hoc
776 3723 904 3796 faceret.
928 3721 1060 3786 deorum
1076 3720 1275 3785 miseratione

101 3813 175 3877 zoin
190 3832 401 3887 aacmyersus
421 3822 487 3890 est,
509 3831 592 3897 quae
613 3810 784 3878 imitatione
805 3807 933 3896 pristina
956 3805 1062 3873 adhuc
1081 3804 1166 3871 idem
1190 3805 1275 3872 lacit.

349 4064 358 4074 ¹
430 3970 561 4048 -177.
616 3945 945 4075 Cypaiiosus.

228 4103 438 4193 Cyparissus,
468 4101 629 4189 speciosus
659 4124 757 4188 puer,
788 4099 864 4167 dum
881 4100 912 4167 iu
935 4098 1008 4164 silva
1031 4084 1230 4177 sanaretur‚'
1246 4100 1276 4162 in

145 4213 286 4258 amorem
310 4191 358 4256 sui
379 4184 550 4278 Apollinem
568 4187 775 4273 compulitra
788 4207 851 4274 quo
873 4186 995 4272 accepit
1015 4198 1127 4250 munus
1150 4204 1277 4250 cervum
