2632 4658
134 163 191 239 co
422 162 606 269 uyuogr.
639 164 676 238 1.
731 107 996 277 lnrssamss

133 347 253 437 glandi.
294 350 495 439 Honorinum
516 354 672 438 prospere
691 350 757 416 sihi
771 351 917 417 evenisse
933 349 1145 438 gloriaretur,
1157 331 1162 343 ¹
1173 358 1270 437 opum

133 436 229 509 Mam
249 435 460 504 immensitate
480 434 608 503 nimium
629 458 665 501 se
680 436 835 524 jactaret,
856 435 978 503 dictum
990 434 1082 503 estei
1101 457 1122 501 a
1138 434 1270 514 Solone,

133 544 198 586 uuo
220 521 263 587 de
280 523 343 589 VH
361 521 570 610 sapientibus,
601 543 681 584 non·
699 520 821 586 dehere
847 543 1052 609 quemquam
1072 520 1109 585 in
1131 519 1270 585 divitiis

71 598 79 616 '
133 618 168 671 et
191 607 428 694 prosperitate
442 604 623 694 gloriari,
679 628 763 670 uum
787 607 1001 694 nesciemus,
1034 604 1121 692 quid
1146 626 1269 690 auper-

110 703 283 758 eventura
307 693 432 779 pariat
458 691 543 755 dier.
595 689 646 755 Ea
669 711 720 755 em
741 702 837 756 nocte
862 690 944 759 vidit·
958 690 992 755 iu
1012 688 1146 770 somnis,
1181 687 1268 776 qood

132 777 289 864 Iuppiter·
306 799 391 866 aqua
417 790 490 841 eum
512 773 734 863 perfunderet,
767 773 879 863 solque
898 777 1127 864 exstingueret.
1171 773 1267 848 Quod

134 884 230 946 quum
249 861 336 937 >filiae
361 883 439 928 suae
459 858 814 941 Phaniaen'unciaret,
842 858 909 939 illa,
938 871 978 928 ut
1003 884 1061 927 res
1084 884 1122 927 se
1147 860 1266 937 habuit,

133 946 306 1032 prudenter
325 946 467 1025 resolvit,
488 944 617 1026 dicens,
637 945 729 1034 quod
747 946 844 1010 eruci
865 956 953 1011 earet
980 945 1198 1034 affigendus,
1235 957 1267 1009 et

133 1055 225 1117 aqua
243 1031 532 1118 persuadendus,
552 1041 588 1095 et
608 1052 633 1094 rr
653 1029 724 1094 sole
744 1029 938 1096 siccandas.
974 1029 1072 1104 Quod
1093 1040 1206 1117 postea
1226 1030 1267 1097 ia

92 1117 285 1205 ,ocontigiss
321 1139 395 1186 nam
428 1136 537 1183 rursus
556 1124 667 1203 captus
691 1137 712 1180 a
732 1115 839 1203 Cyro,
871 1125 904 1181 et
926 1115 1016 1182 cruci
1036 1116 1118 1183 fixus
1140 1128 1200 1184 est.

361 1296 457 1414 197.
510 1338 754 1439 Thamyris
786 1351 830 1414 et
861 1286 1031 1414 Mhsae,

216 1467 388 1558 Thamyris
410 1465 538 1556 quidam
559 1477 646 1537 vates
668 1463 918 1544 luissedicithr,
946 1486 1042 1552 qoem
1062 1440 1189 1548 Musae,
1213 1466 1263 1534 diu

131 1562 307 1709 pprptppupe
332 1565 365 1621 et
389 1552 562 1642 Apollinem
584 1553 723 1620 carmine
742 1575 801 1651 suo
823 1548 1086 1687 contendentem,
1103 1574 1263 1650 ¹caecrase

88 1849 123 1904 15
207 1821 262 1874 ¹·
393 1800 735 1897 illisorum
764 1810 1057 1909 Meleagri.>¹
1156 1786 1265 1905 .'.'

216 1938 392 2027 Meleagria
412 1939 552 2005 Pleuron
575 1939 683 2005 ciuitas
707 1948 772 2018 est,
800 1938 853 2001 ubi
875 1935 1106 2023 Meleagrides,
1137 1942 1274 2006 sorores

128 2024 303 2111 Meleagri,
336 2023 421 2091 illum
454 2048 473 2090 a
502 2025 600 2092 fratre
630 2022 747 2126 'l'ydeo
775 2021 995 2101 interfectum,
1029 2023 1261 2091 intolerabiliter

66 2159 87 2167 ψ.
129 2112 260 2191 flentes,
289 2109 424 2177 deorum
444 2110 699 2177 miserationem
720 2130 810 2188 aves,
840 2106 873 2173 id
895 2116 945 2175 est
964 2106 996 2174 in
1016 2108 1149 2195 gallinas
1172 2110 1262 2179 rusti-

129 2216 244 2277 canas,
265 2217 376 2263 versae
399 2207 574 2263 narrantur.
1173 2236 1176 2240 Δ

84 2451 122 2501 20
199 2415 293 2494 199.
346 2418 505 2514 lason,
544 2414 803 2518 Hypsipyle
839 2368 1200 2492 etPhetoneust·

210 2545 394 2630 Iasonidae,
423 2548 503 2615 fihus
530 2544 652 2613 Iasonis
671 2555 704 2610 et
727 2542 830 2632 Hypsi
873 2539 938 2623 les3
971 2542 1026 2629 qui
1050 2539 1184 2613 alterum
1207 2547 1261 2615 ha-

124 2634 204 2698 bere
224 2645 403 2701 maternum
424 2654 539 2699 namen
561 2631 661 2697 fertur
669 2643 685 2709 ‚¹
697 2626 732 2694 id
753 2640 802 2694 est
823 2565 952 2701 lloas,
977 2627 1052 2715 quia
1071 2642 1175 2697 mater
1196 2632 1263 2722 ejus

125 2717 189 2783 filia
207 2719 366 2785 Thoantis
387 2730 472 2798 erat,
500 2728 533 2784 et
562 2714 695 2783 alterum
724 2714 898 2782 vocabatur
918 2734 938 2777 a
965 2724 1056 2800 patre
1076 2716 1263 2805 navigatore

124 2803 276 2885 Euneos,
309 2805 385 2891 quia
414 2797 452 2872 sd
473 2803 601 2868 Graece
629 2798 747 2866 dicitur
773 2797 874 2878 bene,
901 2799 984 2884 νηῦς
1005 2798 1121 2867 dicitur
1141 2803 1245 2868 navis
1253 2829 1263 2886 3

84 2888 268 2956 anEuueu'a
289 2889 380 2975 quasi
401 2887 483 2954 bene
505 2887 690 2974 navigans.
726 2867 911 2951 Phetoneus
929 2895 1053 2964 autem,
1074 2909 1131 2952 seo
1147 2886 1262 2978 Thyo-

125 2995 223 3053 neus,
244 2972 356 3065 Liberi
369 2974 459 3040 'lilius
482 2973 558 3052 fuit,
580 2971 685 3060 quiin
707 2969 790 3039 chio
809 2968 974 3057 regnavit,
999 2972 1262 3058 pater'l'hnantis

84 3073 92 3096 ⁸
124 3059 228 3139 reis,
259 3059 351 3147 cujus
380 3059 443 3127 filia
469 3057 662 3150 Hypsipyle,
691 3056 907 3147 conjuratione
928 3066 1042 3122 contra
1057 3055 1262 3142 vhosfacta,

124 3081 192 3214 sola
211 3156 336 3234 patrem
357 3145 508 3226 servavit,
537 3167 632 3242 quem
653 3164 790 3231 proavus
811 3141 912 3209 Liber
934 3139 1075 3209 salvane

367 3366 465 3442 200.
519 3365 707 3468 Myrrha
744 3379 786 3442 et
822 3364 1014 3445 Adonis.

82 3522 120 3570 30
209 3495 342 3585 Myrrha
356 3507 484 3587 patrem
505 3516 597 3562 suum
620 3515 744 3562 amasse
765 3493 895 3578 dicitur,
924 3519 997 3565 cum
1023 3518 1086 3586 quo
1107 3495 1262 3564 inebriato

124 3603 193 3647 rem
216 3581 342 3650 habuit.
392 3582 564 3670 Quumque
602 3600 673 3647 eam
703 3591 795 3671 pater
828 3594 919 3650 utero
952 3582 1077 3672 plenam
1103 3581 1263 3663 rescisset,

87 3676 91 3681 '
125 3664 256 3733 crimine
282 3665 432 3753 cognito,
461 3689 532 3734 eam
557 3664 726 3754 evaginato
749 3667 858 3757 gladio
880 3671 985 3758 coepit
1008 3668 1165 3758 persequi.
1208 3666 1264 3734 Illa

125 3752 157 3817 in
175 3752 326 3818 arborem
346 3753 508 3842 myrrham
530 3768 622 3820 versa
644 3760 711 3834 est}
742 3777 837 3841 quam
860 3757 1006 3823 arborem
1033 3768 1125 3843 pater
1153 3750 1263 3839 gladic

126 3837 327 3925 percutiens,
350 3837 446 3905 Adon
465 3837 581 3905 exinde
601 3848 694 3905 uatus
711 3852 777 3922 est;
807 3865 900 3929 quem
937 3839 1080 3907 Adonem
1105 3840 1265 3927 Venerem

84 3944 251 4006 35amasse
287 3921 408 3991 dicum
457 3922 538 3992 Ideo
560 3925 630 3990 hoc
658 3927 807 4012 fingitur,
843 3926 929 4014 quod
947 3927 1087 4017 myrrha
1118 3923 1264 3991 videlicet

126 4010 223 4075 arbor
243 4019 379 4095 generet
400 4004 542 4098 ἡδονὴν,
569 4009 657 4099 quod
678 4013 806 4088 Graece
826 4014 1008 4092 suavitas3
1039 4012 1113 4098 quia
1135 4010 1264 4101 myrrha

127 4117 258 4181 gomma
285 4094 389 4181 suavis
419 4109 469 4164 est
495 4095 615 4176 odore;
646 4095 732 4164 unde
764 4106 799 4163 et
829 4099 995 4165 aVenere
1020 4108 1163 4178 amatur;
1191 4088 1266 4186 quis

127 4185 191 4247 hoc
211 4179 315 4267 ge‘nus
332 4181 487 4269 pigmenti
509 4183 549 4250 sit
570 4181 660 4249 valde
682 4181 845 4251 fervidum.
942 4194 946 4203 '
