2632 4658
144 169 201 247 92
454 164 729 272 Mptlrogr.,11.
777 167 991 275 ¹dlvi-bb.

142 355 242 423 incisa
263 355 481 434 arbore,va
504 353 659 443 erumpit,
679 366 713 433 et
728 356 860 459 sanguis
881 355 1046 445 emanat);
1067 358 1096 427 ui
1172 368 1274 437 torum

69 510 75 521 ,
142 454 249 513 autem
280 453 314 508 et
339 444 474 519 florum,
511 440 684 528 Napaeae;
717 442 870 523 sonuum,
902 442 1064 534 Najades3
1125 446 1275 523 uminum,

140 526 366 609 Potameides;
393 526 614 607 maris-vero,
647 525 822 611 Nereides,
864 527 949 595 Sunt
980 542 1087 599 autem
1115 530 1274 619 quaedum
1298 528 1308 613 J

141 612 223 679 deae
243 613 385 700 topicae,
416 612 451 678 id
477 621 527 679 est
546 610 683 692 locales',
722 635 807 701 quae
835 611 877 679 ad
904 612 965 683 ulia
991 613 1063 683 luca
1085 638 1150 695 uun
1171 627 1273 687 maus·

116 709 236 777 ceunt,
268 709 303 765 ut
330 697 491 776 Marica,
524 693 586 763 dea
608 697 732 764 litorum
752 694 1034 780 Minturnensium,
1065 699 1151 769 ’urta
1171 702 1273 781 Lirim

140 783 269 849 flrrvium
291 783 445 848 habitans.
488 780 587 856 Quod
608 793 714 849 autem
735 789 851 870 poetae
874 782 1021 852 invocant
1077 808 1169 866 usas,
1192 786 1282 865 haec,

141 882 190 935 est
211 869 309 948 ratic,
353 865 434 947 uod,
465 864 641 934 secundum
663 868 857 955 Varronem,
891 868 980 958 ipsae
1001 882 1074 937 suut
1091 870 1271 961 Nymphae,

140 977 224 1040 quae
253 966 287 1021 et
356 974 442 1019 usae.
497 952 584 1018 Sane
617 951 798 1033 sciendum,
836 952 923 1042 quod
953 953 1037 1022 idem
1069 956 1173 1022 Varro
1206 968 1287 1025 tres·

139 1051 261 1106 tantum
284 1062 354 1106 esse
376 1048 548 1119 memorat;
569 1059 682 1117 unam,
712 1060 795 1126 quae
816 1060 856 1105 ex
878 1059 981 1127 aquae
1003 1040 1144 1111 nascitur
1164 1054 1269 1125 motu3

99 1137 134 1186 10
142 1126 289 1204 alteram,
321 1145 405 1210 quae
428 1122 511 1226 atris
537 1122 603 1192 ictu
633 1145 730 1193 sonus
751 1122 868 1207 eliacim
901 1124 1046 1211 tertiam,
1077 1148 1164 1219 quae
1182 1150 1271 1199 mua

136 1222 259 1281 tantum
281 1231 360 1277 uoce
374 1218 536 1303 ,cousrstrt
1155 1233 1159 1243 ·
1207 1258 1212 1271 .

506 1370 572 1448 51.
634 1368 903 1455 Astraeus..

220 1509 390 1581 Astraeus,
410 1498 506 1570 ”unus
539 1502 581 1569 de
610 1479 798 1582 Titanibus,
861 1502 894 1568 ui
909 1566 913 1573 ,
926 1510 1037 1571 contra
1064 1499 1145 1571 deos
1180 1524 1270 1572 urmu

136 1599 332 1659 sumserunt,
366 1609 440 1657 cum
468 1590 593 1656 Aurora
614 1589 796 1657 concubuit.
878 1585 940 1655 ude
975 1587 1050 1655 uati.
1065 1596 1142 1657 sunt
1173 1590 1267 1671 renti,

95 1673 225 1809 llum
245 1673 433 1826 'illita
446 1675 537 1828 ,lt
550 1684 812 1827 tlttttttt
830 1674 1266 1827 ”itrttt‘att'tllt

135 1783 380 1915 lilav'entoruh
402 1868 490 1928 esse,
520 1866 696 1943 eorumque
718 1806 859 1913 furorem
882 1865 943 1915 suu
970 1842 1103 1933 imperio
1130 1822 1279 1915 fumare

430 2076 434 2083 ,
521 2025 592 2102 ba.
652 2016 875 2103 Aeolus.

218 2155 352 2236 Aeolus,
395 2156 559 2249 Hippotae
586 2154 687 2238 utus,
719 2176 777 2221 rex
808 2152 981 2221 insularum
1014 2176 1147 2237 nouem,
1181 2178 1264 2245 quae

28 2252 34 2267 “
93 2250 210 2310 aosunt
236 2253 312 2330 post
341 2241 457 2309 fretum
486 2240 631 2322 Siciliae,
665 2262 749 2328 quae
780 2240 821 2313 ab
842 2262 882 2311 eu
903 2238 1048 2305 Aeoliae
1068 2240 1265 2337 appellantur

135 2318 229 2414 (lieet
250 2340 283 2395 et
313 2325 443 2415 propria
465 2326 591 2397 nomina
612 2324 787 2410 habeant),
822 2346 842 2395 a
860 2322 981 2393 nebulis
1003 2335 1037 2393 et
1056 2326 1144 2395 fumo
1168 2326 1265 2415 Vul-

132 2414 256 2479 canius
278 2411 435 2491 insulce;
462 2408 618 2502 praedixit
638 2410 745 2485 lutura
764 2410 868 2483 flabra
888 2422 1078 2495 uentorum·
1100 2412 1187 2479 uude
1207 2412 1264 2479 im·

132 2498 241 2585 peritis
280 2496 365 2565 uisus
403 2508 452 2569 ast
488 2502 597 2565 ventos
631 2519 690 2591 spa
719 2507 884 2647 potestate
910 2494 1056 2568 retinere
1111 2498 1264 2587 Pingitur

133 2606 269 2671 namque
290 2605 310 2649 a
330 2582 433 2671 poetis
455 2605 513 2655 rex
530 2594 694 2653 uentorum
733 2580 825 2653 uisse.
876 2579 1003 2655 Dicitur
1023 2591 1132 2653 autem
1152 2594 1263 2655 uentos

89 2680 225 2739 asantro
247 2668 391 2749 frenare,
412 2670 487 2757 quia
508 2679 651 2760 cpucava
668 2666 740 2739 luca
759 2664 854 2761 plena
874 2676 948 2734 suut
967 2666 1076 2765 ueritis

389 2892 394 2899 ·
475 2860 571 2939 bb.
639 2840 998 2957 Tirones*
1066 2832 1069 2837 Ι

213 2990 338 3061 Ferunt
358 2991 503 3073 fabulae,
527 2992 665 3058 Terram
685 2990 762 3073 diis,
781 2990 868 3081 quod
880 2992 960 3057 'eam
981 2990 1125 3061 habitare
1145 2988 1275 3081 dedig-¹

74 3102 79 3109 ·
130 3077 196 3143 uati
218 3091 308 3158 sunt,
337 3077 468 3158 iratam,
501 3078 654 3157 Titanas,
686 3079 740 3167 qui
762 3090 794 3145 et
814 3077 975 3167 Gigantes
996 3077 1161 3161 dicuntur,
1192 3098 1261 3145 ser-

86 3163 468 3317 ,ttltllbtttlbe
483 3162 1181 3316 ‘lbtblhtristabitur
1196 3162 1262 3314 ‘ll

378 3300 388 3331 t
532 3297 542 3328 9
1075 3299 1085 3331 l

31 3342 33 3347 '
130 3335 275 3423 deosque
303 3334 345 3402 ad
376 3349 495 3402 terram
525 3335 730 3401 substernere
764 3333 912 3420 aggressi
947 3346 1029 3401 sunt
1054 3340 1056 3344 ’
1080 3334 1144 3410 Qui
1193 3332 1260 3399 oris

128 3421 318 3503 fulminibus,
339 3421 532 3511 objectuque
552 3442 572 3485 a
592 3418 734 3486 Minerva
762 3420 940 3505 Gorgonae
960 3418 1074 3507 capitis
1098 3419 1260 3507 prostrati,

112 3506 203 3579 ,duci
225 3529 336 3574 eorurn
360 3505 574 3574 ¹Atlanticaeli
595 3526 694 3571 onere
714 3506 756 3571 im
782 3505 893 3584 usito,-
909 3504 970 3593 ipsi
991 3519 1148 3572 terrarum
1169 3502 1261 3569 moli-

128 3593 189 3658 bus
212 3594 317 3660 obruti
341 3604 422 3660 sunt.
465 3592 610 3668 Quorum
631 3592 726 3658 etiam
747 3528 946 3664 duceladum
977 3590 1031 3679 qui
1052 3602 1085 3658 et
1105 3589 1259 3657 Briareus

85 3678 196 3747 assiae
215 3683 369 3765 Aegaeon
391 3679 523 3758 dicitur,
552 3676 675 3746 ardenti
702 3680 835 3744 Aetnae.
849 3678 1047 3763 suppositus,
1080 3674 1188 3743 adhuc
1207 3695 1259 3743 ur·

129 3762 224 3830 dere,
244 3764 390 3850 latusque
411 3762 563 3849 motando
584 3775 682 3834 rotam
705 3764 842 3829 Siciliam
866 3762 1092 3853 tremefacere,
1116 3760 1260 3848 fumique

128 3871 247 3937 uapore
268 3849 426 3937 complere
448 3851 572 3915 dicitur.
615 3849 760 3928 Revera,
795 3848 853 3913 nisi
882 3870 967 3935 quae
996 3846 1047 3912 de'
1064 3846 1272 3933 Gigantibus·

128 3934 274 4022 legimus,
297 3934 441 4000 fabulose
462 3936 643 4022 accipimus,
667 3935 747 4019 ratic
771 3956 833 3998 non
855 3930 1009 4021 procedit.
1052 3931 1137 3999 Nam
1160 3954 1259 4019 quum

127 4020 160 4084 in
183 4020 340 4123 Phlegra,
376 4020 564 4086 Thessaliae
584 4020 674 4099 loco,
706 4041 869 4108 pugnasse
898 4016 1076 4098 dicantur,·
1095 4015 1259 4106 quomodo

86 4106 160 4176 eoin
195 4106 301 4171 stuta
327 4106 527 4181 Enceladus,
560 4107 644 4174 Otus
672 4106 703 4170 iu
736 4107 855 4184 Creta,
888 4101 1064 4171 secuudum
1086 4102 1261 4169 Salustium

127 4191 241 4278 (uncle
254 4189 333 4257 Otii
352 4191 497 4281 compi),
520 4191 696 4281 Typhoeus
715 4191 748 4257 in
761 4189 948 4279 Campania,
969 4188 1146 4276 (Inarime
1161 4186 1273 4273 Iovia·
