2632 4658
129 232 133 237 ·
171 151 301 283 *Notae
333 133 487 258 Criiicae
516 143 553 290 iit
578 162 689 280 mgih.
725 181 807 276 ΙΙΙ,
839 126 885 277 4,
920 156 1199 299 ἸΙ-13415
1245 218 1247 223 ⁷
1297 243 1299 246 ,

49 364 85 436 Ι.
111 363 148 419 Ν.
173 391 210 405 -
232 380 252 416 a
275 361 470 417 seminaribusx
476 363 597 434 priorum
624 363 658 418 L.
682 392 719 406 -
741 363 865 439 generati
886 362 912 418 N
919 384 928 432 3
959 328 1020 419 nati
1044 368 1079 421 L.
1102 397 1146 410 -
1163 374 1199 424 23
1279 408 1283 424 ,

58 435 184 504 creanti.)
200 437 365 507 generandos
383 436 418 489 N.
435 464 482 476 -
499 445 690 508 propagantur
715 453 742 489 a.
768 444 916 488 noscuntur
933 437 958 490 L
975 438 1010 491 N.
1027 443 1114 492 -’25
1131 444 1209 492 mer-v

58 508 158 561 sos·N.
175 538 221 551 —
241 510 277 560 26
298 507 432 576 Comicus)
450 524 488 561 so.
518 511 623 562 Terent.
647 508 698 560 vid.
723 507 757 561 ad
779 504 861 579 ¹myth.
876 507 918 573 Π,
936 500 981 560 38.
998 539 1043 553 -
1059 515 1096 564 21
1109 511 1200 577 pbilo-
1278 547 1297 581 ¹.

56 579 137 646 sophi
155 579 288 644 enim'M3
310 579 359 648 pa.
376 580 467 630 aute‘m
484 579 509 632 L
526 578 562 631 N·
577 604 621 621 -·
639 578 733 629 dicunt
749 577 799 629 boc
821 577 880 630 ideo
897 579 999 647 fictum
1013 599 1070 632 esse
1087 582 1126 650 L;
1150 583 1201 635 boc

56 649 119 702 ideo
131 649 244 719 facturn
263 650 365 702 dictum
380 667 452 715 esse,
468 649 534 722 quia
552 655 603 702 etc.
621 649 663 715 N,
691 650 787 702 omisso
804 650 885 703 verbo
902 651 1004 715 dicunt.
1039 653 1099 706 Vid.
1123 655 1200 708 Serv.

57 722 94 773 ad
114 724 163 786 Ge,
180 726 215 787 2,
233 725 295 778 406.
312 749 357 766 -—
373 725 410 772 28
426 720 456 771 in
473 725 575 777 terram
602 719 779 786 descenderit,
803 719 873 771 nibil
895 732 1003 773 creatur
1027 724 1102 781 Serv.
1130 724 1199 779 desc.

58 792 101 855 ad
119 800 182 845 terr'.
200 793 233 849 L.
251 821 296 833 -—
307 791 391 863 phys.
418 809 477 846 ven.
501 801 567 844 terr.
592 789 687 842 dicunt
706 790 820 862 pulerit.
844 791 871 844 N
877 802 886 856 ς
905 793 1019 864 putarit.
1042 794 1200 865 intelligunt

57 863 94 916 L·
112 893 156 905 -
172 867 209 915 30
225 864 286 928 Alii,
304 869 334 915 ut
346 866 420 920 Serv.
437 863 471 914 ad
491 865 537 916 Ae.
555 867 670 929 5,,801.
686 892 731 910 -,-
745 867 779 915 31
798 861 850 912 bac
867 873 926 917 aut.
944 864 1048 916 ratione
1066 866 1093 931 H
1111 867 1145 921 L.
1162 895 1199 909 -

56 938 95 986 33
111 952 161 1002 per
179 933 322 1002 dampnum
346 943 415 986 nata
444 935 469 986 L
493 933 528 986 N.
544 959 581 973 -
597 936 634 986 34
660 933 726 1004 quia
746 934 840 984 dicunt
860 933 967 1003 physici
989 936 1015 989 C
1032 939 1065 994 D.
1082 969 1119 981 -
1143 954 1200 988 esse
1280 969 1283 977 ·

56 1023 178 1074 semper,
195 1023 271 1076 quern
286 1005 338 1059 M.'
349 1038 387 1048 —
403 1008 439 1056 35
454 1003 570 1073 semper)
588 1020 639 1056 om.
663 1005 688 1057 L
706 1005 741 1057 N.
758 1034 796 1045 -
812 1003 896 1069 elicit)
919 1005 1045 1072 producit
1068 1009 1093 1060 L
1111 1007 1146 1066 N.
1163 1034 1200 1056 a
1254 1038 1257 1051 .

56 1075 207 1142 et)-etiarn
236 1076 267 1129 C.
284 1093 321 1120 -“
339 1074 404 1147 quia
431 1075 474 1141 N;
506 1093 575 1147 quae
602 1076 624 1127 C
646 1075 681 1128 D.
707 1101 744 1113 -
766 1079 802 1128 36
823 1093 884 1138 eam
907 1075 966 1128 ideo
988 1078 1033 1142 M;
1056 1087 1115 1146 pot.
1140 1095 1199 1128 earn

56 1145 96 1202 N.
114 1175 151 1188 -
168 1152 204 1199 37
222 1145 287 1218 quia
304 1147 335 1199 M
353 1146 393 1212 Ν,
410 1153 441 1199 ut
459 1148 561 1215 saepius
579 1161 628 1215 pro
646 1133 725 1218 quoti·
760 1147 801 1199 De
818 1161 847 1200 re
864 1147 899 1201 cf.
917 1147 995 1220 Fulg.
1012 1153 1048 1214 2,
1065 1153 1092 1204 4.
1110 1178 1146 1190 ·-
1163 1152 1199 1201 38

56 1216 184 1270 stimulos
198 1219 235 1276 L.
256 1247 292 1257 -
308 1222 344 1270 39
363 1217 458 1290 relinq.
475 1217 511 1279 N.
528 1245 564 1258 -·
704 1243 708 1248 ¹
1089 1242 1094 1250 ·

145 1319 178 1383 Β.
211 1350 305 1404 quum
322 1331 430 1390 secund.
442 1330 507 1402 fab.
525 1332 559 1390 L.
576 1359 613 1373 -·
629 1335 662 1398 41
683 1332 758 1404 fing.
783 1351 864 1402 posse
884 1333 908 1387 L
932 1332 959 1386 N
965 1352 973 1399 ;
1000 1318 1078 1402 posse
1094 1334 1147 1402 fic.
1167 1353 1199 1405 p.

46 1405 128 1476 fing.
145 1405 185 1459 M.
202 1433 238 1443 -
256 1404 347 1474 Quod)
364 1404 438 1455 Idem
455 1405 479 1456 L
497 1403 532 1459 N.
549 1433 586 1445 -
601 1407 637 1457 42
655 1414 743 1455 ortum
755 1403 848 1474 fuisse
866 1405 900 1458 N.
916 1432 952 1444 -·
969 1409 1004 1458 43
1021 1405 1104 1456 bieme
1123 1406 1201 1471 (ieme

57 1477 101 1544 N)
120 1493 218 1532 senesc.
234 1476 259 1527 L
277 1475 303 1529 N
310 1495 319 1540 ;
346 1474 376 1526 in
401 1475 547 1533 bieme'M.
573 1503 609 1515 -—
629 1475 711 1528 reoio.
736 1485 827 1526 autern
849 1475 880 1527 in
903 1492 963 1528 oere
977 1475 1032 1528 eia.
1050 1477 1090 1541 L;
1116 1477 1200 1530 renio.

56 1565 121 1600 uere
138 1547 164 1600 N
170 1565 179 1610 3
205 1555 232 1596 et
249 1545 334 1606 renio.
359 1546 388 1596 in
404 1565 431 1599 a.
449 1565 477 1598 o.
495 1546 535 1601 M.
552 1574 589 1586 -
604 1549 640 1600 44
665 1546 749 1613 modo)
774 1564 825 1600 om.
850 1546 877 1600 N
884 1567 893 1613 3
919 1555 947 1595 et
970 1546 1005 1599 L.
1023 1555 1058 1586 -ss
1077 1547 1207 1606 draconis.

56 1616 156 1670 habere
174 1617 210 1671 N·
226 1647 264 1658 -
281 1621 317 1670 45
335 1619 415 1685 nunc)
433 1607 511 1670 et'L
529 1617 566 1670 N.
583 1645 619 1657 —
634 1620 669 1670 46
694 1619 775 1682 nunc)
798 1628 826 1669 et
850 1618 877 1672 N
883 1637 892 1684 3
916 1616 964 1669 sed
978 1618 1012 1670 L.
1037 1646 1073 1658 ·-
1090 1619 1200 1682 cristas)
1310 1650 1312 1655 ·

55 1706 113 1743 om·
130 1690 165 1743 N.
181 1717 218 1731 ·-
235 1708 262 1758 p.
279 1694 348 1756 156,
368 1691 384 1740 l
421 1705 473 1739 uae
490 1687 579 1740 omnia
594 1690 691 1741 rectius
707 1690 732 1741 L
750 1690 780 1741 M
798 1689 832 1743 N.
849 1718 884 1729 -
902 1693 920 1740 2
937 1688 1096 1741 varietatem
1114 1689 1149 1742 N.
1163 1718 1200 1739 ‚—

56 1760 163 1813 evenire
178 1777 281 1812 necesse
298 1769 340 1811 est
357 1759 380 1811 L
418 1797 425 1816 .
442 1787 480 1799 -
497 1758 576 1809 addit
592 1768 620 1808 et
638 1759 710 1830 quod
725 1759 767 1823 N;
784 1759 890 1810 addunt
906 1760 989 1809 etiam
1007 1766 1057 1813 etc.
1075 1762 1150 1814 LM.
1163 1789 1200 1803 -
1226 1778 1237 1800 ⁸

57 1835 79 1884 4
96 1829 191 1898 babet)
210 1848 261 1884 om.
280 1830 315 1883 N.
333 1857 370 1869 -
387 1827 422 1879 ab
439 1828 531 1880 iisdem
548 1829 582 1882 L.
599 1857 635 1867 -
652 1837 670 1884 6
689 1829 764 1896 deus)
783 1846 835 1882 om.
852 1831 885 1882 L.
904 1856 946 1901 -Ι
957 1831 999 1896 de)
1017 1847 1069 1883 om.
1086 1832 1120 1884 L.
1132 1837 1200 1885 -6

56 1903 90 1954 in
107 1913 169 1954 arto
185 1901 214 1972 Ι.
230 1903 265 1954 N.
281 1927 317 1941 ·-
336 1905 353 1952 6
371 1898 499 1966 Seruius)
517 1900 550 1951 ad
568 1901 620 1956 Ge.
636 1902 668 1966 4,
686 1904 748 1958 163.
764 1929 801 1940 -
827 1899 950 1968 tantum)
979 1917 1038 1956 om..
1050 1902 1084 1958 L.
1101 1929 1137 1957 -,-
1154 1920 1200 1953 co-

57 1974 172 2025 medisse
180 1972 228 2041 fil.
236 1972 270 2025 N.
283 1976 346 2024 -7
363 1970 430 2021 deus
446 1979 488 2021 est
504 1969 577 2036 LM.
594 1999 631 2011 -
648 1977 667 2023 8
684 1971 748 2022 Ideo
763 1979 855 2023 autem
871 1971 905 2024 L.
918 1999 954 2025 -,-
972 1971 1097 2038 Tullius)
1115 1971 1151 2029 N.
1164 1973 1200 2027 D.

57 2050 95 2110 3,
113 2049 159 2098 24.
177 2072 213 2084 -
229 2048 246 2096 9
264 2051 389 2096 vocatum
406 2043 440 2096 Ι..
457 2069 493 2081 -
509 2041 599 2094 victus
616 2041 640 2096 L
660 2043 702 2098 M.
720 2071 756 2084 -
775 2047 811 2096 10
837 2060 870 2096 ne
894 2041 1081 2095 immoderatae
1103 2062 1199 2098 cursus

145 2220 176 2285 9.
217 2227 338 2283 Pollaris
354 2229 383 2282 H
400 2229 437 2287 N.
452 2259 490 2270 -
507 2228 588 2302 Fulg.
611 2229 665 2302 ref.
682 2229 707 2283 L
722 2229 758 2284 N.
773 2259 809 2271 -
843 2231 888 2285 Cf.
904 2233 938 2286 ad
956 2232 1036 2305 myth.
1053 2234 1082 2301 Ι,
1101 2239 1155 2288 102
1172 2242 1213 2295 et,

58 2307 104 2374 ΙΙ,
125 2311 152 2359 1.
168 2333 204 2345 -
222 2306 256 2353 13
276 2300 359 2372 quod)
379 2319 458 2373 quam
477 2303 576 2354 melius
594 2302 624 2354 M
647 2303 672 2354 L
698 2298 733 2356 N.
758 2331 794 2342 ··-
819 2306 854 2356 15
873 2313 906 2354 ut
922 2306 1028 2376 quidem
1041 2306 1127 2375 paulo
1147 2307 1200 2376 (sic

58 2385 90 2432 et
109 2377 153 2444 M)
172 2374 284 2444 evagari
300 2374 324 2425 L
342 2372 377 2426 N.
395 2400 431 2412 -
449 2377 483 2426 16
501 2371 606 2444 facta)
624 2372 734 2424 sordida
751 2373 777 2426 N
783 2393 792 2438 3
812 2375 937 2426 secunda
960 2377 995 2433 L.
1016 2405 1053 2418 -
1069 2396 1148 2428 suum
1166 2381 1199 2446 a)

23 2500 32 2513 .
57 2466 115 2516 ⁰11¹·
129 2448 165 2507 N,
184 2474 220 2486 -
238 2449 273 2496 17
290 2442 443 2512 depulsum)
463 2459 514 2497 om.
532 2443 568 2496 N.
585 2472 621 2482 -
654 2446 715 2496 Jov.
736 2462 830 2512 pacem
847 2463 916 2516 quae
943 2443 993 2501 etc.
1010 2447 1035 2500 L
1053 2448 1092 2500 Μ.
1111 2477 1145 2489 -
1164 2430 1202 2501 19

57 2519 111 2589 ab)
129 2535 182 2571 om.
198 2517 232 2570 Ι..
249 2532 320 2570 saec.
337 2531 399 2568 aur.
416 2513 435 2565 i.
452 2532 474 2567 e.
493 2514 584 2566 aureis
601 2513 717 2566 moribus
740 2515 834 2567 dicunt
851 2517 880 2567 in
899 2522 949 2574 eto.
967 2518 1002 2571 N.
1017 2523 1106 2578 -19
1124 2529 1199 2570 eate-

27 2607 30 2610 ⁴
56 2592 125 2657 nus)
143 2599 220 2640 aetas
237 2588 297 2654 ejus
312 2584 347 2641 L.
366 2613 402 2625 --
429 2584 531 2640 dictum
554 2586 607 2653 est)
627 2583 760 2657 fulgebat
783 2588 818 2639 L.
835 2615 870 2626 -
887 2591 925 2639 20
949 2587 1015 2639 dicit
1039 2590 1199 2641 conuertisse

40 2661 96 2718 ἰ.
112 2692 149 2703 -
165 2665 199 2712 21
214 2657 293 2728 jane)
312 2672 363 2709 om.
380 2656 420 2721 L3
442 2656 600 2712 interranis
612 2659 673 2724 jam
690 2656 725 2715 N.
744 2685 780 2698 -
796 2655 926 2726 subditis)
945 2657 1106 2712 substantiis
1121 2661 1146 2714 L
1163 2661 1199 2716 N.

39 2733 160 2790 Recte!
177 2759 213 2770 -·-
231 2733 267 2780 22
285 2729 381 2800 atque)
399 2737 427 2778 et
444 2729 479 2781 L.
497 2756 532 2767 -
549 2732 584 2779 23
611 2728 687 2794 Lege
713 2727 845 2800 aggressi.
858 2759 892 2770 -
911 2733 947 2784 24
973 2728 1073 2792 bellicis
1091 2731 1199 2785 instru-

57 2805 158 2879 rnentis
174 2803 199 2856 L
216 2800 252 2854 N.
268 2829 305 2841 -
322 2799 390 2851 vicit
406 2798 443 2854 N.
459 2827 495 2839 -
507 2798 623 2872 falmin.
645 2798 746 2852 dicitur
761 2801 786 2853 L
804 2800 840 2858 N.
857 2829 894 2841 ···

109 2911 112 2916 “
147 2901 198 2966 10.
221 2917 253 2967 de
269 2915 312 2968 bis
330 2933 399 2989 quae
419 2914 567 2971 VanLN.
584 2931 654 2986 quae
669 2929 732 2968 vcra
750 2921 791 2967 est
808 2906 897 2972 lectio.
911 2947 947 2958 -·
965 2922 1092 2971 mbmorat
1110 2918 1145 2972 Ι..
1161 2942 1198 2971 -e

56 2988 106 3045 vel
116 2985 220 3058 partim
237 2988 275 3037 ad
287 3006 331 3056 pr.
349 3005 478 3058 negamus
500 2985 584 3037 attin.
610 2986 656 3048 M;
684 3001 731 3052 pro
754 2987 872 3039 attinere
896 2996 937 3042 est
961 2990 1111 3058 contingere
1128 2991 1155 3042 in
1172 2991 1197 3042 L
1252 3000 1254 3004 ’

56 3061 97 3119 N.
115 3089 152 3111 -,
167 3062 202 3110 27
218 3076 269 3127 per
284 3067 388 3126 tempus
406 3057 453 3110 dil.
470 3058 495 3109 L
517 3056 553 3109 N.
570 3083 607 3093 -
623 3059 659 3106 29
678 3053 767 3124 facile
788 3073 832 3107 eos
855 3075 888 3107 ex
912 3065 968 3116 etc..
989 3060 1014 3110 L
1034 3059 1068 3110 N.
1084 3087 1119 3097 -
1155 3061 1198 3117 Cf.

56 3129 143 3198 niyth.
161 3129 196 3193 ll,
213 3135 249 3182 35
262 3131 311 3182 fin.
334 3157 363 3168 -
380 3132 416 3182 34
429 3125 525 3179 babere
541 3143 610 3194 serp.
627 3124 675 3190 M;
692 3141 761 3194 serp.
779 3124 904 3197 babuisse
920 3130 955 3182 L.
971 3155 1009 3168 —
1024 3146 1114 3180 eorum
1131 3136 1198 3181 tana
1264 3160 1268 3167 ·

52 3220 124 3276 pore
140 3201 165 3255 L
184 3199 218 3254 N.
236 3229 272 3242 -
288 3204 324 3253 36
334 3199 435 3268 fictum
452 3207 494 3250 est
511 3197 535 3253 L
552 3196 583 3248 Μ
600 3196 641 3262 N,
669 3195 789 3250 81116δὶ0.
806 3226 842 3238 -·
859 3204 895 3252 36
920 3207 972 3250 aut
993 3199 1023 3251 in
1046 3199 1134 3252 caveis
1154 3201 1199 3254 ael

55 3271 194 3345 speluncis
211 3271 246 3325 N.
265 3299 300 3313 -
318 3276 354 3324 37
373 3267 516 3322 manebant
531 3267 649 3320 homines
664 3265 735 3321 LN.
753 3296 789 3308 -
800 3273 837 3322 38
852 3279 905 3321 aut
921 3289 1004 3342 quara
1020 3268 1098 3322 suam
1114 3271 1148 3324 Ι..
1161 3300 1198 3313 ·-

37 3350 127 3399 ‘sunt
139 3343 205 3398 dicti
213 3341 349 3414 procreati
366 3341 428 3394 ML
439 3342 473 3397 N.
482 3373 527 3386 -
542 3344 579 3393 39
596 3337 693 3410 refert)
711 3336 754 3388 ait
769 3339 804 3393 L.
817 3366 854 3378 -
865 3344 1006 3409 Lactant.)
1020 3344 1062 3394 vel
1075 3342 1196 3394 Placidus
1278 3397 1281 3401 ,

55 3419 88 3472 in
105 3415 177 3468 fabb.
194 3431 261 3467 narr·
279 3420 312 3480 1,
330 3417 347 3466 3
364 3432 391 3482 p·
408 3418 477 3481 189,
495 3412 540 3466 ubi
557 3420 657 3474 antea,
684 3411 785 3475 inquit,
809 3421 860 3461 aut
885 3412 914 3462 in
931 3413 1019 3467 antris
1035 3410 1198 3463 habitabant

56 3497 114 3538 aut
130 3484 280 3538 incolebant
291 3485 420 3556 frutecta
436 3485 575 3555 sylvarum
582 3499 593 3542 ‚¹
621 3482 664 3534 vel
681 3481 826 3534 Firmianue
843 3484 871 3535 in
887 3485 951 3536 Inst·
969 3490 986 3537 6
993 3522 1001 3549 ,
1018 3487 1068 3549 10,
1092 3489 1197 3536 notante
1300 3491 1308 3511 ⁸

55 3559 145 3625 Maio.
160 3589 205 3605 --
222 3556 285 3607 dum
302 3572 354 3608 om.
371 3555 466 3619 Ι..-
483 3559 519 3608 40
537 3569 607 3604 more
619 3569 679 3621 pec.
696 3551 721 3604 L
739 3551 775 3608 N.
791 3581 836 3594 -
852 3557 887 3608 41
905 3554 1049 3624 montium)
1076 3556 1197 3606 cautium

56 3631 86 3686 L
104 3628 140 3686 N.
156 3657 201 3671 -
217 3630 253 3679 42
270 3627 327 3696 iel)
344 3644 390 3680 seu
408 3626 444 3680 N.
460 3654 505 3668 -
521 3621 661 3694 putabant
678 3622 702 3675 L
724 3622 821 3703 N.-.-
1103 3673 1104 3680 ἵ

149 3725 203 3791 ll·
224 3735 284 3810 est)
303 3757 359 3797 om.
373 3738 410 3793 Ν.
424 3769 469 3782 -
493 3708 626 3793 archaia
644 3739 700 3798 ¹dic.
725 3739 803 3795 LN.
819 3766 864 3779 -
880 3706 916 3797 45
941 3740 1020 3815 quia)
1045 3757 1098 3794 om,
1122 3739 1197 3794 ΒΜ

58 3811 98 3868 Ν.
115 3845 160 3858 -
176 3829 291 3885 namque
307 3821 335 3862 et
351 3810 405 3880 ipsi
420 3812 461 3864 M.
479 3842 522 3854 —
547 3811 697 3887 densitate)
725 3811 881 3864 diversitate
906 3815 945 3868 M.
962 3849 1007 3869 -.
1022 3817 1057 3866 46
1082 3810 1197 3862 exierint

11 3894 18 3905 ·
58 3884 98 3938 N.
115 3913 160 3925 —
177 3885 243 3954 quia
258 3901 305 3943 nec
321 3883 346 3936 L
365 3882 395 3934 M
419 3882 454 3939 N.
472 3910 515 3941 ,-
532 3903 561 3953 p·
579 3887 676 3951 15e,1
700 3880 794 3950 prius)
818 3890 870 3942 om.
894 3877 980 3940 L'N.
997 3919 1041 3931 .-
1057 3883 1117 3949 eas)
1143 3899 1196 3940 0111.

55 3954 97 4012 Ι..
114 3972 202 4006 -se
216 3955 296 4025 prius
312 3952 434 4005 extitisse
451 3952 634 4022 crediderunt,
661 3955 756 4007 omissa
773 3971 834 4023 neg.
852 3975 914 4022 nec,
939 3954 1134 4020 rectissimewN.
1152 3985 1196 3999 --

58 4025 231 4078 crediderunt
256 4032 297 4079 eet
323 4025 451 4077 etiamen
478 4023 506 4076 H
530 4027 554 4078 L
580 4025 620 4078 M.
661 4025 739 4094 Ap'ud
763 4041 810 4079 nos
836 4029 931 4081 errarit
955 4025 1099 4096 typotheta.
1116 4033 1196 4079 -2

59 4096 192 4159 archades
208 4103 356 4152 constanter
371 4094 405 4147 L.
422 4122 467 4167 .'''‘
479 4093 578 4167 frigiis
595 4096 631 4149 N.
648 4122 692 4137 -·-
709 4106 843 4149 certantes
859 4099 884 4152 L
899 4099 933 4154 N.
950 4126 995 4139 -
1029 4097 1070 4148 De
1088 4098 1195 4166 Aegyp·-

58 4169 105 4221 tiis
123 4166 188 4219 hanc
214 4169 295 4222 refert
318 4168 450 4221 historiam
474 4166 577 4224 Herod.
600 4172 644 4234 2,
658 4169 685 4217 2.
706 4170 785 4221 -4
808 4172 854 4234 ut)
882 4163 946 4221 dune
972 4169 1012 4228 Μ.
1035 4199 1080 4212 -
1103 4173 1121 4220 5
1143 4186 1196 4219 vox

58 4238 158 4294 innata
174 4240 199 4295 L
216 4239 250 4296 N.
266 4263 311 4279 -
327 4244 346 4294 5
357 4237 465 4312 frigam
482 4237 527 4291 oel
542 4238 652 4296 archad.
665 4238 700 4294 Ι..
717 4271 754 4286 -
770 4245 788 4293 6
804 4239 885 4311 aero)
902 4251 991 4299 autam
1003 4241 1033 4294 'L
1051 4239 1082 4294 M
1099 4237 1134 4292 N.
1152 4255 1196 4284 -ὸ

773 4338 798 4404 3
