2632 4658
529 183 820 257 rnosouuruu.
920 184 946 197 '‘
1030 236 1034 245 .
1149 198 1221 295 xm*

151 369 226 444 lx.
267 361 432 478 “Atque
456 396 522 469 ego
553 370 693 469 quidem
726 372 764 441 in
797 366 1046 462 exscribendo,
1093 368 1213 443 distin·

73 469 516 668 attolatttt
535 472 712 649 „tutta
725 470 1217 677 tttltetttttttt

74 694 193 752 tamen
219 700 295 748 mea
318 675 416 749 nulla
445 676 707 776 propemodum.
721 675 860 768 addidi,
894 700 939 748 ne
965 674 1090 757 molem
1115 675 1215 749 volu·

77 781 181 852 minis
213 776 317 848 nimis
350 802 534 878 augerem:
582 776 683 877 cujus
716 779 767 850 rei
798 778 910 877 pratia
940 777 1083 850 minutis
1114 778 1217 850 etiam

77 882 172 981 typis
196 896 281 950 usus
307 905 406 972 sum,
441 881 629 979 quominus
655 879 813 952 'chartam
836 881 1053 951 innumeram
1077 878 1216 952 lectori·
1252 926 1255 933 ,

77 982 145 1057 bus
173 982 259 1052 ineis
284 978 492 1079 objicerem:
527 988 617 1080 'quos
641 983 746 1054 etiam
761 980 860 1053 illud
884 1006 955 1053 non
984 978 1125 1074 celabo,
1161 998 1228 1065 nie.

78 1083 242 1158 videlicet
279 1082 460 1181 complura
496 1082 831 1183 mytbograpborum
867 1080 993 1156 horum
1031 1081 1215 1176 voeabula,
1269 1146 1274 1151 .

78 1210 190 1285 qnae,
235 1191 288 1269 ut„
307 1182 349 1254 fit
379 1185 418 1256 in
453 1183 592 1258 ethnica
624 1183 860 1285 mytholoffia,
905 1184 1041 1283 pudicis
1074 1184 1219 1257 auribus

76 1286 268 1386 ing-ratiora
292 1284 522 1380 accidissent,
556 1286 802 1386 euphemismis
829 1287 1094 1359 commutavisse
1127 1292 1218 1360 “ut-

77 1413 229 1487 cumque
253 1385 366 1459 ferent
390 1414 432 1462 ea
455 1388 745 1487 fata,‚minores.''
806 1386 1005 1461 Auctorem
1025 1387 1219 1485 apud1b0s

77 1487 353 1591 mytbograpbos
382 1476 633 1589 appellatorium
661 1489 836 1590 syllabam
863 1491 1008 1587 scripsi:
1043 1490 1219 1564 latinitatis

77 1603 196 1665 mmen
220 1592 523 1682 nova‘uocabula,
548 1618 638 1691 quae
658 1595 806 1690 sparsim
830 1591 1004 1684 videbam,
1033 1592 1219 1691 philologis

77 1719 120 1766 ac
155 1692 412 1792 lexicograpl'ris
450 1694 646 1794 colligenda
684 1695 849 1793 permisi:
892 1719 914 1766 a
951 1691 1082 1791 quibus
1105 1696 1221 1767 etiam
1264 1739 1267 1743 -

77 1795 294 1868 scholiorum
332 1791 378 1865 ad
414 1794 481 1868 bos
515 1795 791 1896 mytbograpbos
831 1806 1035 1893 apparatum
1072 1794 1219 1870 subinde

79 1895 550 1995 concinnandum-auguror.
603 1898 749 1969 Interim
770 1897 891 1970 laetari
913 1897 1015 1988 licet,
1048 1888 1221 1994 quot'his

69 2023 100 2070 ‘a
124 2024 182 2071 me
205 1995 385 2073 codicibus
408 1997 532 2090 editis,
568 2009 640 2070 tres
663 2000 820 2098 insignes
844 1996 1119 2097 mytbograpbos
1139 1999 1220 2099 Hy-

78 2103 222 2201 ginum,
251 2097 457 2193 Placidum,
484 2109 521 2172 et
535 2098 742 2193 Leontium,
769 2101 1005 2198 adquisivisse·
1022 2101 1220 2174 uidemurss'

126 2201 209 2272 ‘X.
246 2199 429 2272 “Praeter
456 2200 523 2273 bos
552 2201 665 2275 bonos
699 2211 735 2273 et
766 2202 953 2294 classicos,
990 2201 1050 2273 alii
1078 2229 1219 2303 quoquc

78 2312 162 2376 sunt
203 2299 423 2375 barbariores
467 2303 505 2374 in
547 2305 706 2376 vaticana
748 2303 960 2401 bibliotheca
1001 2305 1217 2405 mythologie

78 2429 169 2504 quos
194 2403 287 2476 inter
310 2401 454 2500 quidam
477 2404 573 2476 band
597 2404 848 2503 paenitendus,
888 2429 955 2478 nec
980 2404 1082 2478 valde
1106 2418 1222 2479 tamen

79 2507 266 2602 antiquus,
294 2502 473 2595 avidianus
493 2506 677 2605 plerasque
700 2502 1006 2599 fabulas‘diversis
1031 2533 1051 2591 a
1073 2508 1222 2582 Placido

79 2604 338 2697 narrationibus
360 2617 473 2679 ornat.
527 2606 682 2681 Gouradi
700 2620 877 2706 praeterea
900 2610 1059 2681 canonici
1079 2611 1224 2710 tigurini
1292 2662 1296 2667 -

78 2707 334 2809 mythologium
356 2708 512 2807 amplum
531 2710 773 2807 eruditumque
789 2709 949 2811 legebam
966 2711 1106 2785 saeculo
1123 2714 1224 2786 XIII
1251 2722 1256 2729 '

80 2812 334 2909 compositum,
371 2810 452 2884 lnce
480 2822 596 2885 autem
624 2836 816 2909 numquam
847 2813 1025 2887 donatum.
1087 2815 1223 2889 Varum
1290 2882 1293 2891 .

80 2906 148 2986 hos
172 2911 331 3010 aliosque
360 2914 532 3011 sequioris
558 2915 635 2986 aevi
664 2913 884 3014 mythologos
912 2916 1006 3014 typis
1037 2918 1124 2989 meis
1150 2912 1238 2989 tra?

81 3012 218 3105 dandos
234 3038 307 3085 uon
317 3010 490 3110 judicavi.
543 3015 664 3097 Unum
679 3018 948 3114 praetermittere
964 3017 1061 3090 nolui
1077 3018 1225 3094 Martini

81 3113 497 3215 bracarensis‘spiscopi,
528 3118 590 3217 qui
614 3117 755 3191 saeculo
775 3119 832 3193 VI
852 3117 987 3212 floruit,
1016 3118 1223 3217 opusculum

82 3219 129 3289 de
162 3217 301 3317 oriqiae
333 3218 534 3310 idolorum,
564 3219 659 3318 quod
690 3221 729 3291 in
753 3221 912 3319 Reginae
939 3246 1062 3295 svecae
1086 3232 1224 3296 vetusto

84 3317 206 3391 cadim
237 3342 259 3389 a
289 3343 346 3390 me
375 3318 529 3414 lectum,
574 3331 610 3393 et
640 3347 721 3393 cum
754 3322 903 3395 editione
934 3322 1083 3395 Floresii
1110 3325 1219 3422 Hispa

83 3417 257 3493 sacr.''I'.
271 3418 347 3494 XV
377 3442 416 3518 p.
430 3419 514 3495 425
545 3433 804 3521 comparatum,
839 3418 910 3496 tam
934 3425 1069 3494 varium
1092 3427 1220 3522 reperi,-
1283 3470 1288 3479 ,

81 3520 121 3593 id
137 3531 198 3593 'est
218 3529 290 3593 tum
315 3534 516 3620 corruptum
537 3525 575 3596 in
598 3525 764 3618 editione,
795 3535 866 3597 tam
888 3526 929 3595 in
955 3523 1075 3598 codice
1096 3552 1223 3625 purum

83 3633 191 3718 atque
219 3624 419 3717 sincerum,
461 3635 501 3697 nt
530 3624 644 3698 denuo
664 3627 693 3721 *)
727 3628 821 3725 typis
853 3626 1050 3723 imprimere
1081 3655 1249 3703 necesse¹

83 3722 203 3811 fuerit.
256 3723 397 3797 Etenim
415 3726 596 3799 Floresius
617 3737 652 3799 et
672 3726 832 3824 opusculi
850 3725 1089 3823 prohoemium
1104 3733 1223 3805 nescio

83 3849 157 3922 quo
186 3849 271 3897 casu
299 3828 434 3920 omisit,
454 3826 503 3901 'et
530 3831 650 3926 ipsum
676 3829 802 3927 passim
833 3838 966 3900 textum
996 3829 1107 3904 foedis
1136 3832 1223 3907 adeo

82 3925 317 4024 turpibusque
340 3928 476 4001 mendis
498 3931 716 4028 inquinatum
741 3928 857 4020 dedit,
894 3930 1089 4030 cujusmodi
1113 3961 1158 4009 ne
1186 3937 1224 4007 in
1305 3958 1308 3967 ·

84 4028 199 4137 tirone
223 4028 384 4127 quidem,
410 4029 539 4104 nedum
563 4032 601 4105 in
623 4043 720 4106 tanto
743 4032 933 4113 litterarum
956 4032 1082 4129 heroe,
1112 4058 1223 4137 aequo

68 4338 71 4343 ,
148 4264 182 4352 *l
206 4260 287 4345 Iioc,
303 4261 439 4331 Martini
458 4261 667 4355 prooemium·
684 4273 794 4330 nostm
816 4264 918 4334 editio
941 4251 1012 4333 non
1031 4266 1175 4358 recepit.
1206 4352 1209 4357 ι
