2616 4658
66 202 173 264 vrx
275 205 310 249 ·.
493 170 790 291 ruojonuruu.
927 228 934 265 κ,

74 372 327 476 perlustranti,
354 384 437 450 tres
470 373 531 448 alii
561 374 695 474 antiqui
723 371 974 474 mpthographi
1006 372 1210 473 deprehensi

75 488 178 570 sunt3
213 503 302 575 quos
321 478 404 575 quia
424 478 509 550 satis
534 474 645 550 bonos
670 487 705 549 et
726 475 880 550 eruditos
903 475 1082 570 videbam,
1116 480 1210 576 typis

74 577 254 679 divulgare
275 578 425 652 decrevi.
479 579 623 650 Primus
639 574 913 678 mylhographus
933 580 971 651 in
987 605 1058 652 uno
1077 590 1211 651 tantum
1255 636 1257 671 ,

1254 440 1257 569 l

72 679 269 753 Svecorum
300 679 385 754 olim
417 680 575 778 Reginae
583 691 600 773 ,'
636 704 737 754 nunc-
764 682 947 772 vaticano,
987 681 1108 754 codice
1141 690 1208 770 est,
1255 676 1257 683 ’

73 780 296 855 membraneo
337 791 537 878 pervetere,
589 778 698 880 cujus
725 782 868 880 scriptio
906 781 952 854 ad
987 782 1028 854 Χ
1062 781 1119 854 vel
1152 782 1211 855 XI
1254 796 1257 863 .’

75 879 212 955 Christi
239 883 414 969 saeculum
443 881 626 978 referenda
651 882 801 957 videtur.
863 882 1049 958 Secundus
1068 881 1210 982 'mytho-

74 982 231 1082 graphus
259 986 298 1055 in
327 983 450 1058 eodem
482 983 603 1058 codice
627 983 786 1084 Reginae
816 994 871 1058 est
904 981 1001 1085 (nam
1030 984 1073 1058 de
1103 984 1211 1060 altero

57 1086 263 1183 'exemplari
282 1085 372 1158 int'ra
392 1083 547 1193 loquar),
575 1111 681 1158 manu
695 1097 811 1159 tamen
831 1089 1021 1184 posteriore
1036 1097 1208 1180 exaratus,
1256 1122 1257 1140 κ

75 1185 124 1258 ita
149 1198 189 1259 ut
212 1185 286 1285 ejus
312 1188 486 1284 scriptura
510 1189 680 1260 recentior
709 1214 779 1260 uno
808 1186 948 1261 saeculo
977 1213 1082 1285 quam
1108 1189 1211 1284 primi

75 1286 248 1361 credenda
270 1289 328 1362 sit.
381 1278 524 1361 Tertius
547 1287 823 1387 mythographus
848 1287 1032 1366 excodice
1052 1291 1212 1365 vaticano
1235 1362 1238 1369 ,

75 1387 193 1484 prodit
222 1386 474 1484 membraneo,
490 1389 636 1462 saeculi
662 1400 813 1488 utputo
840 1389 941 1482 ΧΠ,
980 1393 1037 1463 cui
1062 1389 1211 1463 Fulvius

64 1475 228 1562 Ursinus
252 1489 428 1588 quondam
454 1490 614 1564 dominus
640 1491 741 1563 hanc·
759 1489 983 1589 epigraphem
1012 1517 1079 1565 sua
1106 1517 1213 1564 manu

74 1584 196 1663 fecitz'
228 1591 447 1664 Incertus
486 1591 540 1666 de
581 1591 670 1665 diis
714 1593 929 1691 gentium.
999 1593 1086 1664 Ful.
1124 1593 1209 1666 Urs.

75 1689 176 1764 Idem
208 1701 323 1765 tamen
352 1693 391 1765 in
422 1692 491 1766 alio
520 1695 621 1767 edam
654 1691 877 1767 membraneo
901 1694 1059 1792 Reginae
1090 1693 1212 1769 codice

75 1793 242 1887 occurrit,
265 1792 328 1866 sed
343 1792 482 1897 duobus
496 1795 604 1868 ferme
617 1793 764 1868 saeculis
782 1788 987 1888 recentiore,
1010 1794 1072 1892 qui
1087 1789 1212 1874 Albri-

75 1915 156 1966 cum
190 1920 330 1994 quoque
363 1897 550 1990 continet,
586 1906 623 1986 et
654 1898 805 1969 vaticani
841 1895 972 1969 codicis
1007 1895 1213 1971 tractatibus

74 1993 185 2090 XIV,
219 1999 378 2094 quintum
403 1996 576 2072 decimum
605 1997 702 2072 addit
725 1989 768 2071 de
782 1996 926 2074 ¹zodiaci
947 1990 1078 2096 signis:
1109 1996 1214 2094 quem

74 2096 259 2174 nasutum
278 2098 432 2198 ejusdem
454 2126 532 2173 esse
553 2101 723 2188 auctoris,
750 2098 810 2172 hic
829 2123 912 2172 saue
934 2097 1055 2171 suadet
1077 2099 1210 2194 codex3

45 2205 58 2224 ²
76 2196 141 2270 scd
175 2197 270 2272 haud
302 2202 377 2274 scio
411 2226 457 2272 an
489 2211 595 2301 neget
626 2201 731 2298 paulo
763 2200 928 2279 incultius
961 2198 1108 2271 fortasse
1141 2201 1212 2272 stili

75 2311 200 2398 genus.
263 2301 401 2373 Rursus
428 2303 568 2376 tertium
592 2299 885 2401 mythographum
908 2302 1022 2399 reperi
1045 2303 1150 2373 etiam
1174 2303 1213 2373 in

75 2399 229 2496 palatino
258 2400 463 2496 chartaceo,
498 2401 561 2476 ubi
580 2412 703 2494 ,tamen
728 2400 941 2492 desideratur
968 2410 1136 2474 tractatus
1168 2400 1212 2475 de

62 2501 245 2594 ,Pallade,·
282 2503 409 2576 nedum
436 2515 632 2603 postremus
658 2502 702 2575 de
733 2501 887 2575 zodiaco.
947 2504 1110 2599 Denique
1135 2529 1212 2603 my·

75 2601 263 2701 thographi
291 2607 382 2677 tertii
408 2605 671 2704 compendium,
707 2605 793 2702 ipsis
820 2602 1046 2703 protographi
1069 2607 1213 2678 retentis

74 2701 213 2796 verbis,
251 2706 290 2776 in
321 2706 482 2780 vaticano
512 2706 663 2804 quodam
688 2702 910 2778 membraneo
940 2729 1086 2803 magnae
1110 2706 1214 2780 molis

41 2807 44 2810 ’
74 2802 298 2878 historiarum
322 2809 507 2896 variarum
521 2802 642 2880 codice
668 2806 902 2881 continetur.''
1174 2823 1192 2851 '-

149 2905 203 2978 ΙΙ.
248 2909 437 3006 “Primus
458 2907 733 3008 mpthog'raphus
768 2909 911 3006 quinam
947 2904 1053 2980 homo
1090 2907 1196 2982 luerit

74 3006 255 3080 manifeste
285 3009 370 3083 dicit
398 3008 586 3109 epigraphe
613 3009 769 3082 secundo
795 3007 886 3081 libro
912 3009 950 3081 in
978 3007 1098 3082 codice
1128 3010 1222 3084 sub-³

67 3103 187 3204 jecta:
219 3108 379 3183 Exrmcrr
409 3112 516 3184 Lmnu
541 3111 714 3185 Sucuunus
752 3108 963 3185 ·G·11mm
993 3110 1210 3199 Fanunsnurr,

74 3206 195 3305 Atque
214 3207 301 3283 haec
325 3213 525 3311 inscriptio,
554 3222 593 3284 ut
611 3210 844 3286 tabulatorum
863 3236 959 3283 more
974 3208 1050 3306 jam
1070 3210 1209 3310 loquar,

44 3327 46 3330 ’
75 3306 268 3383 discordiae
299 3312 406 3385 veluti
438 3338 580 3411 pomum
611 3323 665 3386 est
691 3312 787 3411 quod
818 3314 857 3384 in
883 3310 1096 3409 eruditorum
1127 3337 1216 3387 cou··

54 3412 210 3500 'sessum
246 3410 399 3510 jacitur,
445 3424 486 3487 ut
521 3412 603 3489 inde
623 3413 791 3508 bellum,
837 3414 869 3485 si
906 3438 976 3484 uon
1011 3424 1209 3510 cruentum,

74 3509 276 3585 diuturnum
315 3525 407 3589 certe
433 3513 611 3612 'dubiique
651 3519 764 3589 exitus
800 3513 1017 3589 eventiletur.
1090 3508 1212 3607 Quum

73 3614 166 3685 enim
182 3615 367 3712 Hyginum
388 3616 574 3714 quemdam
593 3618 632 3689 in
651 3617 827 3715 impressis
846 3613 944 3689 libris
958 3613 1095 3713 jamdiu
1116 3617 1211 3716 lega·

72 3738 174 3807 urus,
206 3717 268 3813 qui
293 3716 314 3788 a
337 3718 496 3791 vaticano
520 3730 642 3794 nostro
665 3730 759 3793 totus
780 3716 942 3811 dissidet,
973 3727 1051 3788 uter
1072 3717 1212 3816 Hygini

73 3840 199 3903 nomen
228 3818 345 3888 verius
375 3826 543 3918 occupet,
578 3819 673 3893 haud
705 3818 876 3895 immerito
903 3814 944 3891 ut
976 3827 1062 3915 puto
1091 3818 1211 3917 dispu-

60 3912 213 3997 tabitur·
267 3918 395 3993 varias
420 3948 527 4021 super
547 3920 638 3996 edito
660 3921 807 4020 Hygino
826 3920 1008 3994 doctorum
1030 3917 1212 3993 hominum

69 4020 257 4116 sententias
285 4030 391 4118 atque
421 4026 637 4123 quaestiones
672 4025 732 4095 vix
760 4047 954 4102 memorare
987 4020 1116 4110 nedum
1143 4035 1212 4095 're-

41 4152 46 4159 -
73 4139 225 4196 censere.
247 4118 389 4216 licebit,
438 4127 507 4198 nisi
538 4126 618 4223 quis
652 4148 761 4222 prope
796 4123 952 4197 infinitus
985 4145 1063 4194 csse
1092 4124 1207 4197 voletz

72 4240 182 4315 quare
221 4216 368 4298 lectores
417 4225 462 4300 ad
506 4226 755 4326 amplissimum
796 4225 980 4303 Stuvereui
1023 4223 1220 4327 editionem.
