2632 4658
132 106 224 236 'aaa
417 156 598 260 nm.
626 157 678 231 u.
732 153 992 280 ειη-111
1086 219 1090 230 .

58 354 63 370 ’
145 342 336 412 sacrificium
362 361 400 407 se
429 338 508 407 dare
537 339 580 407 de
597 340 659 407 hac
678 350 734 424 re,¹
763 358 847 426 quae
867 340 899 407 ei
918 350 1049 408 merso
1068 340 1207 430 primum
1224 364 1277 409 oc·

145 437 300 496 curreret.
352 426 499 513 Contigit
529 426 647 513 igitur,
688 437 740 517 ut·
756 426 840 491 tillus
871 425 901 491 ei
929 437 1128 497 occurreret
1176 427 1277 501 Quem

145 536 245 602 quum
279 511 474 591 immolasset
501 512 567 593 vel,
605 520 643 578 ut
669 510 720 577 alii
751 509 878 590 dicunt,
911 509 1076 579 immolare
1111 508 1222 592 vellet,
1259 537 1277 577 a

37 616 40 621 ·
148 599 268 667 civibus
288 596 409 700 pulmo·
495 618 558 677 no,
592 596 800 665 Sallentinum
828 595 998 663 Calabriae
1025 599 1276 686 promontorium

120 685 264 769 stennit,
287 688 444 775 Juxto'qu
508 681 651 750 condidit
667 681 837 750 'ciritatmu
912 716 916 751 :
1016 718 1020 725 ·
1067 706 1072 739 ·=
1151 718 1184 725 ··

542 848 634 939 211.
687 850 866 927 Circe.

229 982 325 1051 Circe
347 982 410 1049 filia
431 980 515 1067 Solis
536 979 614 1057 suit,
650 1004 735 1071 quae
757 968 805 1047 'ad
834 1002 871 1046 se
898 977 1019 1065 delatos
1046 980 1079 1046 in
1101 980 1186 1051 ieras
1208 1005 1273 1047 mu-

144 1068 245 1136 tabat.
297 1064 347 1135 Ad
371 1068 456 1151 hanc
482 1068 566 1134 forte
586 1064 696 1135 Ulixes
739 1076 791 1133 ost
811 1063 968 1133 devictam
987 1062 1273 1161 Troiam'delatus,

144 1151 364 1245 Eurylochum
395 1176 469 1221 cum
498 1151 608 1239 viginti
638 1161 671 1218 et
725 1153 829 1219 uobus
859 1149 959 1249 sociis¹
980 1152 1162 1243 praemisit,
1196 1175 1274 1242 quos
1310 1144 1314 1189 ¹·

66 1284 68 1289 .
103 1254 219 1307 lomox
248 1240 289 1306 ab
315 1238 455 1325 humana
482 1238 589 1326 specie
619 1236 716 1305 Circe
742 1238 774 1303 in
804 1236 888 1327 feras
915 1238 1126 1304 commutarit
1168 1238 1273 1328 Eury-

141 1325 254 1391 lochus
275 1325 349 1390 inde
371 1322 474 1413 sugit,
505 1335 539 1389 ct
566 1321 651 1389 Ulixi
675 1320 849 1395 nuntiavit¹
866 1321 941 1389 ‘cui
964 1321 1028 1387 'soli
1048 1322 1089 1388 ad
1110 1346 1183 1391 eam
1203 1344 1288 1411 pro.

137 1410 297 1477 'ficiscenti
316 1410 497 1476 Mercurius
514 1407 691 1475 remedium
711 1408 816 1488 dedit,
841 1418 876 1475 et
894 1406 1056 1495 quomodo
1078 1409 1199 1476 circen
1220 1409 1273 1474 de·

143 1497 282 1584 ciperet,
303 1495 497 1563 monstravit.
540 1493 604 1569 Qui
646 1502 793 1585 ostquam
812 1492 854 1559 ad
876 1515 948 1558 eam
970 1495 1069 1572 veuit,
1094 1492 1212 1582 poculo
1235 1496 1272 1560 ab
1312 1498 1314 1505 '

142 1604 182 1647 ea
204 1590 337 1669 accepto
358 1579 512 1667 Mercurii
532 1515 708 1645 remedium
728 1578 871 1661 miscuit,
904 1579 1014 1646 stricto
1043 1600 1119 1645 ense
1139 1588 1271 1648 mortem

101 1687 137 1738 15
144 1665 174 1731 ei
194 1666 356 1747 minitans,
379 1666 409 1731 ni
431 1664 535 1732 socios
556 1663 615 1730 sibi
634 1666 834 1731 restituisset.
875 1661 973 1730 'Punc
993 1662 1099 1743 (iirce,
1122 1686 1187 1731 non
1208 1664 1271 1732 sine

147 1750 306 1819 voluntate
327 1748 461 1833 deornm
479 1751 513 1816 id
528 1772 599 1816 esse
621 1748 758 1825 facturn,
780 1770 997 1836 cognosceus,
1023 1746 1090 1841 fide
1108 1748 1210 1829 data,
1224 1774 1271 1818 so·

140 1837 208 1904 cios
229 1837 258 1904 ei
278 1837 431 1921 restituit,
463 1846 497 1905 'et
518 1835 559 1903 illi
581 1835 723 1918 nubens,
750 1834 965 1922 Telegonum·
978 1856 1018 1902 ex
1040 1858 1080 1929 eo
1102 1837 1251 1924 genuit·

181 2115 188 2124 ,
225 1998 952 2153 212...'¹1nterpretatio:ejusdem
983 2038 1182 2115 fabulae.

224 2164 327 2233 Circe
359 2188 485 2235 manue
523 2167 678 2257 operatio
714 2164 848 2245 dicitur,
891 2166 983 2257 qnasi
1016 2169 1188 2257 palpationi
1224 2192 1270 2239 ον.

55 2327 59 2335 ,
96 2250 304 2318 2⁰Laborem
332 2250 415 2339 eninr
445 2276 597 2320 manuum
623 2252 789 2319 libidinosa
806 2249 918 2318 mulier
941 2272 1003 2318 non
1025 2251 1136 2339 diligit
1248 2276 1271 2327 ¹o
1311 2279 1314 2285 ·

138 2336 249 2405 Ulixes
276 2337 435 2403 innocuus
464 2336 593 2423 tramit,
625 2338 881 2429 quia'sapientia
908 2336 1068 2417 libidinem
1092 2338 1270 2405 contemnit

137 2421 234 2488 Unde
261 2434 295 2490 et
320 2422 455 2489 uxorem
485 2425 608 2492 hahere
640 2422 755 2491 dicitur
784 2424 970 2511 Penelopen
1001 2430 1155 2503 castam,
1185 2422 1270 2513 quod

138 2509 237 2574 omnis
259 2508 388 2575 castitas
408 2508 582 2598 sapientiae
604 2511 827 2600 conjungatur.
870 2510 966 2577 Circe
987 2519 1094 2575 autem
1113 2506 1190 2574 ideo
1211 2511 1270 2577 So

138 2592 174 2659 lis
196 2594 258 2658 lilia
278 2593 431 2679 fingitur,
452 2598 527 2682 quia
548 2595 622 2662 nihil
642 2608 691 2663 est
711 2595 779 2661 solo
799 2593 922 2662 clarius.
963 2594 1059 2659 Haec
1071 2592 1201 2660 libidine
1215 2618 1271 2663 sua
1312 2678 1314 2683 Ι

95 2688 172 2743 eset
200 2677 420 2747 blandimentis
447 2678 590 2749 homines
617 2683 650 2747 in
678 2681 811 2746 ferinam
831 2681 927 2747 vitam
947 2679 989 2744 ab
1009 2678 1152 2759 humana,
1169 2679 1270 2748 dedu·

137 2764 267 2914 lccbat,s
284 2773 337 2915 pp]
348 2762 467 2829 libidini
494 2778 527 2835 et
553 2766 764 2858 voluptatibus
791 2788 923 2856 operam
943 2762 1076 2847 darent-3
1106 2764 1198 2835 undo
1224 2779 1271 2837 est

149 2869 227 2916 ocus
263 2870 283 2915 a
338 2868 386 2915 ae.

392 3020 433 3049 ·'
520 3012 614 3090 215.
668 3017 921 3092 Picum·

220 3140 321 3211 Picus
349 3144 546 3221 Pomonam,
576 3165 746 3230 pomorum
774 3142 885 3220 deam,
913 3146 1043 3227 amavit,
1077 3168 1217 3236 eamque
1240 3149 1270 3215 in

95 3227 325 3317 ooconjugium
357 3230 416 3296 sibi
454 3228 619 3315 copulavit.
676 3229 781 3302 Quem
814 3252 913 3318 quum
953 3231 1050 3297 Circe
1081 3244 1206 3302 amaret
1239 3248 1270 3302 et

137 3323 359 3394 serueretnr,
389 3315 468 3379 irata
493 3334 568 3378 eum
587 3315 620 3379 in
645 3314 771 3401 picum,
801 3338 891 3380 avem
912 3315 1078 3398 Martiam,
1108 3323 1271 3387 convertit.

170 3421 222 3464 arn
241 3410 274 3465 et
293 3398 392 3465 altera
415 3409 464 3465 est
486 3399 566 3487 pica.
599 3400 676 3465 Hoc
692 3411 800 3466 autem
820 3398 894 3466 ideo
911 3401 1052 3488 fingitur,
1073 3404 1148 3490 quia
1164 3426 1271 3493 augur
1309 3402 1314 3411 ⁸

116 3484 214 3565 ¹suit,
246 3497 279 3554 et
300 3483 387 3552 domi
410 3484 523 3561 habuit
542 3484 667 3573 picum,
695 3508 755 3573 per
775 3509 871 3574 quem
891 3487 1000 3556 lutura
1022 3490 1191 3557 noscebat.
1237 3525 1244 3537 ·

510 3703 604 3780 211.
657 3706 898 3810 Phyllis.
935 3724 938 3733 '

94 3849 131 3899 ao
222 3832 342 3922 Phyllis
380 3834 492 3921 regina
528 3835 694 3900 Thracum
738 3837 806 3902 fuit.
860 3839 954 3909 Haeo
983 3837 1271 3924 Demophoontem,

136 3916 259 3984 'l'hesei
281 3920 396 3997 filium,
424 3943 537 4006 regem
559 3920 809 4002 Atheniensium,
839 3925 1028 3990 redeuntem
1056 3923 1098 3988 de
1127 3924 1271 4016 'l'rojano

92 4048 95 4053 -
138 4004 257 4090 proelio
286 4000 409 4076 dilexit,
442 4016 474 4071 et
501 4006 532 4071 in
562 4006 746 4094 conjugium
772 4010 906 4095 rogavit.
955 4009 1011 4075 Ille
1039 4009 1099 4089 ait,
1133 4032 1171 4075 se
1200 4022 1271 4077 ante

136 4111 206 4153 rem
229 4112 321 4155 suum
334 4088 579 4172 ordinaturum,
607 4103 640 4158 et
666 4093 713 4157 sic
744 4093 785 4158 ad
814 4094 884 4161 e‘us
910 4096 1036 4183 nuptias
1056 4114 1269 4161 reversurum.

136 4173 310 4264 Profectus
330 4173 439 4264 itaque
462 4200 560 4264 quum
582 4176 734 4261 tardaret,
759 4119 878 4269 Phyllis
890 4203 929 4249 ex
942 4180 1057 4248 amoris
1072 4178 1269 4267 impatientis
