2632 4658
364 122 552 260 utum.
573 157 606 233 1.
663 112 966 243 rubruc*
1153 88 1211 241 ra

203 326 225 346 ²
323 323 833 441 tottssphiax..
999 304 1002 309 -
1191 294 1193 298 Ι

39 486 40 490 ’
156 471 282 560 Sphinx
303 469 466 560 quoddam
487 479 662 549 monstrum
689 470 809 555 luerat,
836 469 923 559 quod
945 472 976 537 in
1001 474 1131 560 scopulo
1157 496 1209 539 re·

74 556 477 646 sidenspraetercuntibus
498 555 662 644 problema
681 555 866 644 proposuit,
892 568 924 624 et
945 558 1125 644 persolvere
1145 582 1208 627 non

75 642 220 717 valentes¹
244 644 405 729 unguibus
427 653 469 709 ret
497 641 645 709 dentibus
678 640 843 709 dilaniavit
886 641 935 709 Ad
955 643 1043 730 quod
1064 644 1208 734 Oedipus
1277 685 1278 690 κ

75 731 219 809 veniens,
246 722 412 817 problema
429 728 499 816 ejus
520 726 685 809 enodavit,
717 737 749 796 et
771 727 873 814 ipsum
895 729 1021 800 occidit
1214 751 1232 799 a

306 878 310 882 Α
359 879 452 985 l'lss.
493 910 723 987 ³Atranins
753 940 948 1013 magus..
1031 893 1034 901 i

155 1038 301 1108 Atracias
324 1037 382 1106 luit
401 1039 590 1106 Thessaliae
611 1051 710 1126 pater
724 1053 758 1109 et
775 1039 993 1130 Hypocatiae,
1018 1061 1113 1127 qnam
1127 1038 1209 1104 Piri-

73 1122 439 1281 teqqrcsmqqpiitqiqporem.
483 1124 549 1192 Hic
569 1125 688 1214 primus
710 1137 811 1242 artem
828 1126 987 1213 magicam
1004 1123 1091 1212 apud
1102 1123 1210 1191 'rura
1260 1152 1262 1159 ’

268 1394 274 1415 ’
331 1365 420 1451 171.
474 1378 724 1480 Lycormas
760 1375 951 1449 flavius.
1075 1359 1078 1365 ’
1214 1399 1253 1448 ro

158 1503 339 1593 Lycormas
368 1490 496 1593 quidam
517 1505 649 1580 fluvius,
673 1522 684 1545 -·
702 1507 733 1572 ui
756 1517 789 1573 et
810 1505 941 1572 Elvenus
964 1501 1096 1583 dicitur,
1118 1502 1212 1592 juxta

73 1613 170 1678 quem
180 1591 305 1656 Nessus
321 1601 371 1657 est
389 1590 577 1659 interlectos
600 1593 642 1657 ab
699 1592 823 1672 ercule,
843 1614 912 1657 rem
933 1590 1073 1739 conjuqii
1092 1589 1211 1655 faciens

74 1699 147 1741 cnm
174 1674 347 1755 De'r'aoira,
376 1697 477 1742 uxore
504 1676 666 1742 Herculis
708 1679 819 1752 Quare
838 1679 909 1764 ipsc
930 1677 1041 1742 Hercu
1053 1698 1089 1740 es
1110 1691 1211 1764 quan-

74 1760 148 1826 dam
169 1761 311 1828 tunicam
331 1759 449 1840 induit,
471 1771 587 1829 cruore
607 1762 702 1831 Nessi
724 1764 878 1830 Centauri
900 1773 1101 1848 perunctam,
1124 1758 1211 1828 uude

73 1850 143 1935 ipse
163 1866 336 1935 perpessos
357 1858 408 1915 est
423 1846 618 1915 intolerabile
638 1847 819 1916 incendium
841 1846 994 1934 corporis.
1218 1859 1253 1910 1⁶

192 2126 196 2133 ἢ
478 2032 595 2126 172ζ4
627 2034 840 2111 Minos.'

157 2162 263 2228 Minos
283 2161 464 2241 Cretensis,
485 2162 536 2228 cui
554 2162 600 2241 ad
620 2162 810 2250 gloriam'et
831 2161 954 2230 titulum
976 2160 1043 2230 sola
1065 2161 1214 2234 natalium

75 2246 240 2315 sufficeret
266 2243 408 2327 cionitas,
440 2247 553 2334 mentis
582 2247 765 2339 placiditate
792 2248 923 2329 meruit,
959 2260 994 2315 ut
1024 2247 1109 2314 illurn
1141 2247 1220 2335 plus⁴¹

75 2334 262 2411 rnoribus,‘
291 2354 387 2418 quarn
425 2334 578 2418 generis.
610 2337 800 2403 auctoritate
854 2335 1007 2402 mirentur
1057 2332 1210 2400 homines.

75 2419 154 2486 Fuit
176 2417 259 2482 enim
281 2439 337 2483 rex
359 2419 479 2484 Cretae
498 2418 544 2485 ita
565 2419 628 2485 vita
649 2419 804 2500 clemens,
826 2431 875 2498 ut,
907 2418 992 2507 quod
1016 2432 1065 2486 est
1087 2419 1253 2498 mirum,·20

38 2548 43 2557 x
100 2502 258 2572 auderent
278 2524 352 2571 eum
374 2501 553 2581 dominum,
581 2504 696 2592 quibus
718 2507 913 2593 imperabat,
941 2504 1098 2571 habuisse.
1143 2503 1212 2576 De·

74 2528 206 2657 lunctus
229 2587 360 2670 deinde,
389 2601 540 2678 quantum
561 2591 772 2658 mansuetudo
794 2601 972 2670 mereatur,
993 2589 1113 2678 patuit;
1151 2611 1212 2655 neo

76 2675 144 2743 lato
174 2673 301 2763 quidem
319 2675 442 2742 honore
460 2676 598 2766 privatus
620 2677 774 2744 est-Nam
795 2674 910 2742 dicitur
931 2674 1019 2764 apud
1039 2696 1149 2743 manes
1170 2673 1212 2739 de

75 2780 226 2850 supremo
248 2761 333 2827 exitu
349 2759 497 2851 judicare
516 2762 704 2830 mortalium.
746 2762 879 2830 Veteres
902 2762 985 2828 enim
1007 2761 1144 2842 Graeci,
1176 2762 1212 2827 ut

75 2848 189 2935 impios
220 2845 430 2934 crudelesque
480 2870 578 2923 oeuas
605 2848 691 2936 apud
717 2848 837 2921 inferos
866 2847 970 2931 luere,
1008 2847 1056 2914 sic
1092 2847 1251 2914 bonoman

98 2954 238 3020 nemque
276 2929 425 3020 adeptum
457 2871 565 2999 bonae
592 2934 673 3001 vitae
704 2935 844 3022 praemia
873 2943 947 3020 post
973 2945 1109 3000 mortem
1138 2955 1212 3024 esse
1271 2964 1275 2975 ¹

76 2957 233 3084 dixerunt
276 3015 372 3093 Quod
396 3019 541 3088 bonitatis
564 3032 614 3087 est
634 3020 829 3107 exemplum,
862 3019 935 3106 qnia
963 3018 1068 3085 Minos
1089 3039 1127 3085 se
1147 3040 1210 3082 non

76 3116 113 3170 ut
134 3127 150 3168 r
196 3126 247 3170 em
268 3119 323 3170 ant
343 3115 522 3192 tyrannum,
544 3102 602 3171 sed
622 3116 784 3194 tamquam
806 3126 904 3171 unum
924 3105 1028 3190 gessit
1044 3103 1087 3171 de
1100 3102 1212 3193 plebe;

76 3211 162 3277 qnae
207 3211 245 3257 us
264 3212 386 3263 summa
408 3204 466 3256 est.

370 3357 464 3436 175.
517 3363 664 3436 Diana
694 3360 907 3434 Taurica.
1216 3367 1253 3428 s'o

50 3527 55 3532 ·
164 3485 272 3561 Diana
290 3487 449 3568 Taurica,
471 3512 566 3592 qnam
588 3490 721 3555 Orestes
744 3487 786 3553 de
807 3485 940 3576 Scythia
960 3470 1210 3557 transtulitshu·

76 3596 174 3662 mano
196 3574 353 3661 sangnine
373 3573 490 3662 placari
505 3585 730 3643 consueverat¹
771 3573 873 3661 Gujps
889 3592 986 3658 quum
1007 3568 1209 3637 simulacrum

76 3664 112 3729 in
137 3659 313 3726 Laconiam
338 3658 479 3730 delatum
510 3671 611 3742 esset,
645 3657 808 3746 nequod
840 3655 997 3744 piaculum
1025 3666 1210 3724 nasceretur

76 3745 313 3832 intermissione,
329 3744 411 3813 soliti
431 3746 596 3827 sacrificii,
625 3768 705 3811 neve
727 3742 907 3810 crudelitati
916 3743 1087 3812 ¹,Graeciae
1110 3765 1210 3830 popu-

49 3844 51 3851 “
77 3831 128 3900 lus
156 3831 332 3912 obediret,
348 3832 507 3899 inventum
538 3842 605 3912 est,
633 3842 668 3898 ut
693 3831 775 3898 inter
800 3852 835 3896 se
855 3829 1035 3916 impuberes
1056 3829 1147 3917 pueri
1168 3826 1251 3894 dees

80 3916 273 3989 sustinendis
302 3917 486 3986 verberibus
516 3918 762 3998 contenderent,
791 3937 831 3980 ac
845 3937 893 3983 ¹se
918 3916 950 3980 in
978 3915 1040 3981 hac
1060 3914 1213 4002 patientia

80 4015 301 4094 prouocarent
344 4004 389 4071 Et
416 4023 512 4092 super
535 4027 622 4071 aram
644 4004 770 4075 Dianae
788 3999 926 4090 impositi
946 3999 1080 4087 flagellis
1102 4001 1213 4067 verbe-

80 4091 233 4159 rabantur
253 4089 410 4168 tamdiu,
432 4090 536 4156 donec
558 4115 596 4159 ex
619 4091 757 4159 humano
779 4109 914 4176 corpore
935 4086 1067 4174 sanguis
1088 4089 1214 4167 flueret,

82 4177 138 4266 qni
158 4177 256 4245 instar·
279 4177 424 4267 sacrificii
446 4189 538 4244 essct.
718 4184 722 4199 ⁸
