2632 4658
31 2622 33 2637 ι
149 2573 235 2641 circu

46 248 49 253 ,
137 174 238 293 916Ι
413 144 598 285 minim.
627 172 699 247 111.
754 166 795 244 o.
849 168 1002 245 s-a.
1106 234 1109 241 r

140 379 227 424 mum
247 375 322 421 sero
345 352 478 441 damnat
496 372 598 421 reum.
640 352 736 418 Haec
755 352 933 440 Remigius.
950 394 956 402 -
976 348 1045 419 Sed
1072 370 1133 440 per
1153 346 1270 437 virgam

139 442 220 507 illam
260 439 459 528 serpentibus
496 439 628 541 ligatam
660 461 723 503 non
758 437 898 509 absurde
930 437 1080 525 accipere
1108 456 1289 524 possumus·

86 569 89 573 -
140 528 322 597 continuam
345 537 378 592 et
393 524 600 593 insatiabilem
620 523 875 611 negotiatorum
908 522 1021 610 quibus
1065 531 1175 593 raeest
1192 520 1270 585 Mer·
1308 548 1311 573 ι

142 612 266 691 curius,
295 610 520 690 intentionem,
552 608 672 683 eodem
687 631 814 699 semper
831 607 990 675 desiderio
1012 622 1032 672 a
1058 604 1170 673 'lucra
1194 605 1271 671 lesti-

118 708 284 777 tnantem,
315 695 500 784 serpentinis
523 690 743 762 calliditatibus
768 696 909 790 plenam,
943 692 1108 787 noximque
1131 710 1270 757 curarum
1311 716 1316 743 ·

142 781 268 861 venenis
288 779 298 852 i
324 803 376 846 sos
399 779 526 846 assidue
553 780 757 846 cruciantem.
776 792 780 802 '
1312 805 1316 830 ³

226 869 256 932 5.
299 803 396 939 duod
417 888 492 932 vero
513 865 622 932 talaria
643 866 762 932 habeat
781 864 977 947 Mercurius,
998 875 1031 932 et
1052 874 1219 952 petasum,
1244 861 1270 931 il
1315 894 1316 912 κ

143 964 193 1019 est
223 948 462 1024 calciamentum
491 951 629 1023 alatum.
659 975 678 1018 a
706 952 836 1016 Graeco
868 954 966 1018 verbo
994 954 1101 1032 πέτω,
1135 949 1171 1023 id
1192 959 1271 1023 esta

143 1035 289 1102 volando
309 1033 447 1115 dictum,
481 1036 545 1103 sivo
576 1035 651 1100 ideo
680 1036 790 1108 fictum
820 1046 884 1117 est,
911 1034 998 1140 qudd
1029 1058 1180 1104 sermone
1208 1033 1271 1106 uiir'l

104 1132 194 1194 tuest
224 1119 377 1196 velocius,
420 1122 486 1195 sire
513 1136 645 1217 propter
680 1121 805 1187 nimiam
833 1120 946 1189 sidens
978 1121 1046 1217 ejus
1073 1121 1270 1190 velocitatem.

24 1260 26 1269 ,
144 1205 218 1293 ipsa
241 1225 316 1272 rero
336 1206 447 1279 talaria
480 1228 578 1274 aurea
602 1206 694 1298 juxta
723 1206 926 1294 allegoriam,
960 1218 997 1274 ut
1026 1207 1073 1274 ait
1100 1204 1270 1295 Remigius,

144 1292 374 1379 competentius
396 1303 553 1379 argentea
573 1292 763 1364 dicerentur.
788 1297 936 1364 'aarum
966 1292 1048 1361 enim
1077 1292 1111 1357 in
1141 1288 1271 1387 mysticis

144 1376 186 1449 ad
207 1377 376 1465 puritatem
399 1400 529 1458 sensus,
563 1388 733 1464 argentum
754 1398 829 1443 vero
854 1376 896 1449 ad
918 1376 1032 1463 eloquii
1057 1376 1200 1444 refertur·
1219 1375 1271 1447 clt-

144 1461 279 1539 ritatem.
323 1463 377 1528 Ob
412 1462 540 1548 signum
569 1485 699 1552 quoque
719 1462 892 1530 velocitatis
923 1463 1042 1529 vertice
1063 1461 1149 1531 alato
1171 1460 1272 1555 depin-

105 1548 253 1634 togituri
291 1568 352 1614 nec
384 1546 548 1615 immerito.
583 1548 710 1622 'Quum
744 1549 827 1619 enim
863 1547 943 1619 aliae
975 1546 1083 1614 stellae
1108 1546 1206 1620 tarde
1239 1542 1273 1611 sd

146 1642 236 1698 ortus
269 1654 345 1699 suos
386 1644 568 1715 recurrant,
610 1632 811 1710 Mercurius,
853 1644 889 1700 ut
916 1632 960 1707 ait
980 1632 1135 1712 Senius,
1169 1641 1273 1705 octavo

145 1716 272 1782 decimo
293 1716 347 1783 die
366 1717 397 1782 in
419 1731 491 1785 ortu
513 1717 756 1791 suoriurenitur,
797 1716 879 1783 Inde
899 1719 993 1789 etiam
1009 1719 1155 1806 στίλβων
1174 1714 1275 1807 appel-

117 1802 244 1887 iatum
283 1800 369 1890 quod
398 1803 487 1876 celer
518 1803 753 1892 interpretatur,
809 1803 985 1891 Aliquando
1015 1802 1128 1882 etiam,
1167 1814 1207 1870 ut
1240 1801 1275 1868 sil

97 1904 119 1958 ',
146 1884 331 1974 Remigius,
368 1909 466 1984 supra
494 1889 593 1969 solem
622 1887 763 1969 scandit,
794 1900 827 1956 et
847 1912 950 1977 paene
970 1910 1073 1980 usque
1102 1886 1146 1954 ad
1173 1886 1274 1960 Martis

104 1983 140 2042 20
148 1974 298 2047 circulum
321 1974 479 2062 perrenit;
516 1974 684 2063 aliquando
707 1997 783 2043 vero
803 1997 900 2062 quum
922 1972 1131 2062 retrogradus
1153 1984 1221 2052 est,
1240 1969 1275 2039 sl

147 2058 312 2136 inferiores
326 2058 469 2133 ‘circulos
490 2056 655 2127 descendit
684 2071 717 2127 et
738 2060 852 2127 iterum
905 2082 993 2128 aene,
1014 2079 1115 2147 usque
1142 2058 1188 2130 ad
1208 2078 1275 2125 con·

145 2145 254 2216 linium
276 2136 392 2222 lunaris
416 2143 524 2217 circuli
546 2144 704 2224 delectum
725 2144 863 2231 ideoque
881 2084 1029 2231 dugitun
1051 2140 1139 2230 quod
1161 2142 1297 2211 caelun'

147 2241 180 2299 et
199 2229 374 2308 Tartarum
396 2228 581 2316 frequenter
601 2241 754 2304 recurrat.
795 2227 887 2302 Istud
909 2229 985 2303 milri
1005 2229 1181 2299 obscurum
1198 2226 1278 2319 judi·

148 2337 240 2393 cans,
262 2313 430 2400 astrologis
452 2314 706 2402 investigandum
726 2313 879 2405 relinquo.
934 2313 1033 2397 Quod
1053 2334 1129 2380 tero
1145 2312 1279 2383 deorum

104 2401 264 2474 ”dicitur
281 2401 431 2480 minister,
454 2400 520 2472 sire
541 2402 581 2467 ab
605 2402 667 2479 hac
686 2400 757 2488 ipsa
776 2420 812 2464 re
832 2411 937 2471 ortum
953 2411 1012 2476 est,
1031 2398 1120 2488 quod
1139 2396 1280 2467 videlicet

49 2556 52 2561 ⁴
148 2485 216 2570 “⁵¹¹⁸
237 2484 864 2645 ll”titillat¹³⁰l'lelllltllll
881 2485 1040 2639 iiiiii
1056 2480 1280 2660 ‘’ivl'‘iioi

148 2677 254 2720 sermo
274 2655 447 2744 majoribus
469 2667 501 2727 et
522 2657 692 2728 minoribus
715 2657 878 2743 aequalem
924 2620 1059 2723 raebeai
1082 2654 1281 2735 famulatum

148 2741 213 2813 sire
241 2739 464 2815 mathematica
503 2741 659 2827 quadam,
710 2763 806 2895 qqam
839 2753 886 2808 tra
909 2744 934 2817 it
966 2742 1117 2821 Servius,
1152 2741 1281 2811 ratione.

18 2818 22 2827 ’
79 2820 322 2903 ·duSciendum
350 2823 450 2905 enim,
491 2823 608 2914 inquit,
651 2824 694 2891 de

147 2911 282 2979 Martem
315 2922 347 2989 et
386 2911 576 2991 Saturnum,
598 2908 701 2978 'duos
742 2913 862 2996 bonos,
902 2913 1014 2983 Jorem
1054 2923 1088 2978 et
1118 2911 1282 2978 Venerem

147 2997 326 3069 Mercurius
349 3018 425 3066 reru
446 2997 515 3065 talis
536 3007 606 3076 est,
623 3044 626 3049 -
641 2995 741 3093 qualis
762 2997 831 3075 ille,
869 2999 920 3064 cui
949 2998 1142 3088 adjungitur.
1195 2992 1284 3068 Unde

54 3150 57 3169 Ι
147 3097 181 3157 et
201 3082 243 3159 lin
270 3083 333 3154 itur
352 3081 487 3154 deorum
508 3083 667 3162 minister,
698 3081 786 3170 quod
814 3105 926 3160 eorum
954 3085 1154 3171 obtemperet
1181 3092 1284 3171 potes

148 3169 213 3243 tati.
247 3168 342 3245 [inc
362 3177 428 3244 est,
460 3165 549 3255 quod
571 3167 615 3240 ait
636 3168 803 3254 Virgilius:
1065 3174 1070 3181 '
1187 3176 1191 3181 '
1244 3201 1249 3209 ·

112 3265 147 3324 aa
235 3251 328 3335 Quos.
349 3252 446 3338 ignis
466 3250 558 3322 eceli
584 3252 762 3336 Cyllenius
783 3263 875 3317 erret
898 3251 936 3315 in
957 3247 1086 3328 orbeca
1315 3302 1316 3339 ,

148 3339 180 3403 id
205 3351 270 3415 est,
293 3337 343 3409 cui
367 3336 561 3423 planetarum
586 3336 758 3413 adhaereat
777 3337 973 3418 Mercurius,
1004 3346 1040 3402 ut
1060 3356 1100 3407 ex
1120 3332 1173 3401 illo
1193 3335 1285 3426 ipsius
1311 3344 1316 3408 l

149 3422 298 3500 Mercurii
321 3421 453 3508 qualitas
475 3423 577 3512 possit
595 3422 738 3509 agnosci,
1068 3492 1070 3496 ,
1201 3478 1206 3495 ,

232 3510 262 3585 6,
307 3508 393 3585 Sane
421 3507 635 3596 planetarum,
685 3527 766 3610 quos
795 3507 896 3578 bonos
926 3505 974 3577 rel
1003 3504 1115 3571 noxios
1144 3500 1286 3597 diximus,

149 3594 242 3675 latius
274 3603 401 3669 naturas
433 3594 600 3680 exequitur
626 3592 767 3670 Plinius,
799 3592 854 3681 qni
882 3591 977 3658 etiam
1006 3602 1149 3666 cometas
1185 3591 1316 3678 stellas,

108 3702 223 3762 suessa
245 3678 423 3760 naturales,
454 3679 641 3782 cunctisque
661 3699 819 3771 apparere
846 3677 1060 3756 tenoribus,
1094 3673 1288 3767 eosdemque

152 3765 194 3835 de
216 3764 356 3861 quinque
376 3764 508 3853 planetis
532 3765 601 3841 fieri
627 3772 865 3839 commemorat,
907 3700 1022 3841 finde,
1042 3762 1161 3849 lnquit,
1195 3765 1288 3835 inter·

152 3850 387 3929 domitorium,
419 3846 577 3926 interdum
602 3851 738 3938 pessima
765 3848 956 3936 significant.
1000 3848 1084 3920 Nam
1115 3847 1144 3914 si
1165 3843 1210 3913 de
1231 3847 1289 3915 ve.

45 4004 50 4013 ,
101 3976 106 3987 ,
155 3958 231 4009 nere
252 3947 309 4009 aut
329 3935 410 4011 Jorc
429 3936 525 4019 fiant,
561 3936 679 4023 optima
709 3936 929 4024 pronuntianti
968 3932 995 4007 si
1028 3933 1070 3999 de
1098 3932 1208 4004 Marte
1235 3942 1291 3999 sut

154 4023 317 4106 saturno,
340 4019 507 4096 deteriora,
548 4021 634 4097 Nam
655 4019 851 4097 Mercurialis
873 4041 1000 4111 semper
1026 4017 1097 4092 talis
1118 4028 1186 4098 est,
1255 4022 1291 4083 'a-

112 4106 277 4185 sslisille,
309 4106 360 4181 cui
379 4103 540 4181 adhaeret,
595 4105 691 4176 Unde
713 4107 774 4174 eti
798 4128 834 4172 se
854 4126 927 4172 eum
955 4103 1088 4179 deorum
1111 4102 1192 4179 dicit
1281 4102 1289 4120 ‘

156 4192 342 4285 ministrum.
396 4191 497 4267 Stoici
519 4213 648 4291 quoque
669 4192 728 4270 hos
754 4130 836 4270 uilra
858 4190 952 4268 XXX
975 4189 1055 4267 duos
1079 4212 1154 4267 esse
1174 4187 1290 4273 dicunt,

782 2825 912 2914 planetis
948 2826 1030 2901 duos
1059 2847 1132 2893 esse
1164 2826 1282 2903 noxios,

916 3830 922 3840 ι
