2632 4658
10 39 99 167 l.

236 168 240 177 ·
308 158 319 207 .·
348 122 530 251 umam
558 128 645 257 11'1-.3
688 147 730 223 a.
786 144 956 263 με,
1135 149 1215 225 rec

75 336 116 403 iu·
133 352 269 421 tremore
295 336 325 401 Ε
348 336 461 405 lrctlco
476 380 480 389 ·
493 354 564 422 per·
578 329 753 401 columbas
770 334 877 402 lutura
904 334 1060 403 docuisse
1087 333 1211 415 dicitur,

76 423 163 510 quia·
177 421 288 507 lingua
315 358 472 494 'lhessala
493 417 670 495 πελειάδες
684 431 717 487 et
737 420 903 487 columbae
916 436 959 490 τοι
980 424 1211 495 raticiuatrioes

15 526 20 535 ·
75 519 245 574 vocantur.
287 506 415 573 Dicitur
435 507 468 571 in
488 506 589 570 creta
611 505 767 585 nutritus,
795 507 886 596 quia,
916 518 952 574 ut
979 509 1022 574 ait
1044 509 1210 589 Salustius,

72 594 192 693 primos
214 595 388 677 Cretenses
401 590 598 678 religionem
619 604 748 673 constat
766 592 933 659 iuvenisse.

428 728 795 887 ,hh.Junm.
1002 838 1004 845 ·
1090 810 1096 819 '
1198 796 1231 877 a

156 927 187 991 1.
231 926 372 999 Uxorem
392 926 474 1009 Jovi,
495 926 600 995 id==est
622 926 752 1003 aetheri,
774 927 950 1005 Junonem,
971 923 1004 991 ld
1026 929 1205 1003 arcerem,

70 1024 106 1080 ut
126 1008 280 1086 diximus,
302 1024 455 1080 statuere.
497 1012 594 1078 Haec
611 1013 769 1078 elementa
789 1012 913 1103 physici
933 1023 1070 1097 utraque
1090 1032 1204 1088 mares,

70 1119 189 1184 aquam
210 1091 285 1161 ve'ro
306 1110 340 1164 et
360 1106 477 1164 terram
497 1097 628 1163 feminas
643 1098 815 1184 appellant.
859 1100 953 1163 Haeo
980 1099 1062 1163 enim
1082 1097 1204 1161 incum-

10 1260 14 1281 Ι
70 1184 171 1261 hunt,
199 1180 251 1247 illa
278 1182 460 1272 subjacent;
491 1184 574 1249 haec
604 1195 723 1270 agunt,
754 1182 804 1247 illa
833 1185 1003 1270 patiuntur.
1056 1180 1149 1247 Unde
1171 1195 1202 1247 et

70 1266 119 1333 his
141 1269 270 1333 nomina
291 1270 481 1348 masculina,
512 1269 569 1334 illis
598 1268 745 1354 feminina¹
768 1267 843 1334 data
866 1269 1063 1334 confirmant.
1105 1267 1249 1353 Hancne,

68 1366 177 1419 tamea
199 1350 483 1421 considerationem
535 1358 627 1420 cetae
656 1377 676 1418 n
722 1353 873 1438 figentes,
910 1353 1041 1419 alterurn
1072 1375 1202 1428 marem,

67 1438 213 1521 alteram
238 1439 391 1508 feminam.
421 1462 478 1528 pra
521 1441 614 1507 icant.
673 1440 753 1504 ‚leo
792 1453 898 1506 autem
931 1439 1024 1526 juxta
1062 1438 1203 1503 Tullium

68 1529 176 1588 adrem
209 1525 441 1606 effeminatum,
471 1525 558 1613 quod
584 1548 625 1590 eo
655 1523 728 1589 nihil
757 1538 806 1591 est
827 1524 968 1602 mollius;
1001 1536 1034 1590 et
1062 1525 1135 1609 quia
1166 1537 1203 1590 ut

67 1608 133 1675 viru
163 1629 316 1689 uxorem,
348 1612 393 1676 ita
415 1610 536 1677 aetheri
557 1617 664 1676 a'e'rem
686 1612 837 1691 subesse,
872 1623 906 1677 ct
927 1611 968 1673 ab
990 1632 1030 1674 co
1051 1610 1200 1686 calorem,

52 1717 132 1795 ¹quo
170 1694 321 1760 inserio‘ra
354 1697 477 1776 foreat,
521 1695 616 1762 veluti
643 1718 752 1762 semen
781 1697 812 1771 in
841 1695 1004 1762 matricem
1035 1696 1242 1781 susciperem

67 1778 347 1846 incestuorum
374 1782 474 1866 igitur
502 1781 686 1867 conjugium
716 1783 856 1867 lingunt,
891 1780 965 1867 quia
994 1781 1089 1845 etiam
1118 1784 1201 1844 haec

65 1864 131 1930 duo
154 1864 410 1954 elementa-prae
430 1867 512 1944 aliis,
544 1878 582 1932 ut
608 1865 761 1943 diximus,
797 1877 871 1932 sunt
898 1864 1200 1951 tenuiaminu'sque

66 1949 279 2029 faeculentiae
300 1951 467 2031 habentia,
495 1950 712 2019 volutiisdem
732 1951 915 2043 parentibus
937 1961 1025 2027 orta,
1050 1951 1113 2015 hoc
1135 1950 1199 2015 ira-

64 2047 165 2115 trem,
195 2035 270 2102 illud
297 2060 390 2117 vero,
424 2049 458 2103 ut
486 2059 608 2103 sexum*
626 2037 658 2101 in
682 2036 833 2124 conjugio
854 2034 1039 2100 attributum
1061 2048 1196 2111 seruent,

63 2143 128 2187 non
147 2123 278 2189 tratrem
295 2122 354 2189 sed
371 2144 514 2188 sororem
534 2121 652 2188 dierunt.
680 2122 785 2186 Porro
797 2122 955 2185 Junonem
967 2120 1039 2184 ideo
1057 2120 1240 2206 Neptuniae

10 2266 16 2275 .
64 2209 193 2294 fingunt
218 2208 396 2285 alumnum,
450 2208 502 2272 uia
532 2206 710 2274 secundum
737 2206 900 2295 physicam
922 2206 1046 2292 spissus
1077 2212 1133 2269 aar
1157 2228 1197 2271 ex
1250 2242 1254 2263 ι

63 2294 186 2361 marino
208 2294 342 2360 humore
369 2233 546 2359 oonhcit-ur.
568 2293 670 2372 ‘Ideo
690 2304 795 2358 autem
818 2314 888 2358 eam
912 2291 1058 2379 quotiens
1080 2289 1198 2376 aliquid

63 2392 176 2444 actura
209 2391 278 2460 est,
312 2379 412 2445 alieno
441 2379 595 2461 inducunt
624 2389 766 2444 utentem
787 2379 929 2463 ¹autulio,
961 2387 1074 2462 utpote
1100 2376 1198 2456 Aeoli,

19 2546 22 2550 ²
62 2463 110 2528 uel
138 2461 251 2543 Iridis,
283 2464 328 2528 rel
358 2465 596 2552 Nympharum,
627 2463 701 2551 quia
731 2472 844 2527 natura
875 2473 923 2527 est
945 2464 1048 2539 aeris,
1079 2472 1117 2546 ut
1141 2483 1199 2547 per

62 2546 256 2635 sequidem
285 2549 358 2614 nihil
387 2552 492 2616 iaciat.
553 2550 597 2616 Ut
628 2549 710 2614 enim
744 2545 859 2634 aliquid
894 2559 1062 2648 operetur,
1097 2547 1240 2625 alienu25

61 2654 191 2782 sempler
209 2636 308 2701 utitur
329 2635 566 2725 oorrjunctione,
596 2646 631 2702 ut
658 2642 842 2715 uentorum,
872 2655 926 2721 qur
955 2634 1058 2698 nubes
1087 2645 1199 2701 creant
1236 2648 1260 2724 J
1286 2687 1289 2695 .

63 2730 96 2786 et
160 2720 255 2786 urias.

124 2742 176 2869 ΡΞ.
218 2806 306 2871 Huic
332 2815 366 2871 et
386 2803 523 2886 iridem,
557 2802 590 2870 id
613 2813 663 2870 cst
684 2823 794 2869 arcum
817 2800 916 2880 caeli,
949 2801 1125 2870 ministram
1145 2825 1197 2870 as-

59 2888 198 2975 signant.
240 2892 301 2958 Est
321 2902 427 2957 autem
446 2891 507 2958 lris
525 2892 627 2957 nubes
644 2911 784 2977 aquosa,
808 2887 884 2955 solis
904 2885 996 2953 radio
1018 2901 1209 2976 penetrata,

57 2973 103 3040 de
123 2997 191 3061 qua
210 2976 374 3063 Virgilius:
1200 2984 1239 3030 2⁰

146 3060 250 3126 Mille
268 3062 411 3125 trahens
429 3057 545 3126 varios
565 3059 710 3125 adverso
731 3057 800 3123 sole
817 3058 956 3133 colores.
1129 3124 1139 3143 ,

58 3143 156 3211 Unde
177 3155 215 3211 et.
228 3168 250 3211 e
269 3146 404 3234 regione
425 3143 498 3210 solis
521 3165 588 3209 sem
612 3165 647 3209 er
676 3154 819 3232 apparet.
860 3144 955 3208 Haec
984 3141 1194 3210 Thaumantis

56 3228 237 3296 secundum
256 3231 394 3297 fabulam
415 3229 549 3315 lingitur
569 3167 648 3312 filia3
670 3230 757 3296 unde
777 3242 810 3298 et
822 3226 1052 3295 Thaumantias
1069 3227 1194 3302 dicitur.

19 3349 21 3355 ·
55 3314 246 3381 Secundum
281 3317 445 3383 veritatem
477 3336 552 3381 aero
586 3337 607 3380 a
636 3314 789 3383 miraculo
828 3325 862 3381 et
890 3326 1021 3402 stupore
1050 3313 1192 3378 colorum

55 3398 133 3465 hoc.
153 3423 269 3467 nomen
292 3402 405 3468 sortita
431 3410 489 3466 ast
532 3397 734 3487 θαυμαστὸς
760 3399 842 3466 enim
864 3400 994 3479 Graece
1014 3396 1233 3467 mirabilis35

53 3484 185 3553 dicitur.
228 3487 399 3554 Varietatis
420 3497 525 3552 autem
548 3485 616 3573 ejus
637 3485 725 3572 juata
746 3484 895 3574 physicos
917 3484 999 3549 haec
1029 3483 1109 3548 ratio
1133 3494 1212 3560 est‚·.

53 3571 148 3659 quod
178 3593 262 3658 aqua
293 3574 413 3651 tenuis,
447 3577 503 3636 aer
538 3568 661 3636 lucidus
691 3581 725 3637 et
752 3571 853 3635 nabes
874 3568 1017 3653 caligans
1040 3566 1193 3633 irradiata

53 3658 164 3722 varios
184 3668 295 3724 creent
308 3659 431 3724 colores
445 3677 579 3722 necesse
593 3667 650 3720 est.
679 3656 776 3722 Haec
793 3654 867 3742 quia
884 3653 1000 3718 iuuere
1015 3664 1147 3741 apparet
1160 3666 1193 3720 et

41 3742 126 3808 ‘aeri
153 3743 251 3825 inest,
285 3743 403 3810 Junoni
428 3742 564 3829 lingitur
591 3739 761 3807 deservire.
813 3739 924 3804 Habet
951 3738 1046 3804 etiam
1076 3737 1192 3816 fabula,

47 3828 219 3893 ‹Junonem
249 3850 347 3915 quum
378 3849 489 3893 omnes
516 3825 644 3913 pellices
674 3832 749 3894 suas
778 3837 948 3913 persecuta
976 3825 1032 3903 sit,
1075 3824 1234 3913 Majamuo

55 3925 168 3980 tamen
191 3912 356 3996 dilexisse3
378 3909 465 3999 quod
489 3911 563 3977 ideo
585 3910 734 4011 fingitur,
767 3911 842 3998 quia
863 3931 962 3997 quum
983 3909 1058 3989 Sol,
1083 3932 1194 3975 mense
1262 3916 1269 3928 '

54 3997 148 4088 Majo
166 3999 197 4063 in
211 4000 322 4067 Tauro
345 3999 477 4087 positus,
499 4019 558 4084 per
575 3997 734 4099 Plepades,
757 3997 811 4082 qui
831 3995 864 4059 in
883 4016 970 4082 genu
989 3996 1089 4074 Tauri
1111 4007 1195 4074 suut,

55 4100 198 4186 quarum
220 4108 282 4150 una
299 4085 385 4174 Maja
408 4095 474 4162 est,
494 4085 556 4149 iter
577 4083 690 4162 faciat,
718 4095 795 4148 tune
816 4080 899 4147 aeris
921 4079 1067 4147 caliditas
1085 4103 1195 4146 veruna*

27 4254 30 4259 .
55 4169 145 4237 hhus
158 4170 267 4258 pluviis
281 4182 488 4260 temperatur,
506 4167 594 4238 etde
609 4168 764 4258 temperie
776 4190 833 4236 sua
844 4167 1053 4254 quasilaetari
1065 4166 1197 4234 ridetur.
