2632 4658
385 173 575 280 upum..
597 174 631 250 ι.
685 172 782 292 aas:
1089 174 1157 299 aa
1240 172 1243 177 ·

235 520 682 605 uranounaunus
721 522 932 605 PRIMUS.

369 840 371 845 ,
443 785 610 855 nasas
652 784 726 853 III.

90 996 193 1074 204.
247 956 533 1100 Geneilogia
567 998 755 1076 deorum
789 1012 834 1078 et
868 998 1089 1079 hei-oum
1157 1019 1162 1025 ’

97 1128 247 1218 Ophion,
285 1139 320 1197 et
352 1127 529 1195 secundum
564 1127 788 1220 philosophos,
824 1131 993 1209 Oceanus,
1028 1128 1083 1219 qui
1117 1142 1151 1199 et

46 1234 162 1294 erens,
196 1215 238 1281 de
266 1214 387 1303 majore
413 1213 554 1280 'Photide
583 1217 695 1302 genuit
716 1215 860 1284 Caelum.
892 1215 1020 1283 Caelus
1039 1217 1177 1303 'geuuits

46 1312 201 1381 atnrnum,
222 1301 384 1366 Phorcum
406 1309 441 1366 et
462 1298 600 1367 Rheam.
641 1302 789 1370 Phorcus
810 1302 924 1389 gennit
944 1302 1151 1381 Sthenonem,
1239 1376 1242 1381 ,

45 1384 680 1559 latr...tbltl⁸tb.,tltttt
692 1389 878 1563 altilis
908 1387 1154 1540 illidit.

46 1556 164 1644 rppiter
181 1554 223 1622 de
235 1556 366 1624 Electra
393 1556 506 1643 genuit
518 1540 754 1626 Dardanum'et
768 1560 941 1626 Teucrum.
978 1556 1165 1625 Dardanus·
1183 1602 1188 1610 -

46 1664 95 1707 um
139 1652 174 1708 et
208 1645 406 1709 Assaracum.
468 1642 533 1710 llus
575 1641 813 1712 Laomedonta.
847 1655 881 1712 et
920 1642 1150 1736 Ganymedem.
1158 1672 1195 1722 10

46 1727 203 1793 numedon
225 1729 337 1816 genuit
359 1725 543 1809 Anchisem,
571 1729 766 1812 Tithonum,
787 1732 998 1805 Antenorem,
1017 1729 1151 1814 Antigo-

46 1835 108 1892 nm,
136 1835 221 1900 qnae
247 1824 339 1880 versa
368 1825 419 1882 est
444 1813 477 1878 in
499 1814 673 1898 ciconiam,
711 1815 890 1882 Hesionam
928 1826 961 1883 et
978 1815 1152 1881 Priamum

46 1897 163 1965 tiernus
183 1897 227 1965 dc
246 1898 403 1978 Hecuba,
422 1898 487 1964 filia
505 1898 690 1988 Dymantis,
710 1900 798 1988 regis
820 1901 1018 1980 Thebarum,
1038 1901 1155 1987 genuit

46 1984 160 2050 rollum
190 1995 224 2051 et
257 1985 434 2063 Helenum,
474 1982 723 2076 Polydamanta,
757 1985 977 2074 Deiphobum,
1011 1986 1195 2053 Cassam:

46 2091 124 2148 am,
167 2068 337 2150 Paridem,
378 2071 573 2149 Hectorem,
612 2073 667 2160 qui
703 2070 748 2138 de
784 2070 1007 2138 Andromacha
1036 2071 1191 2157 genuina

46 2164 215 2244 styauacta
240 2156 410 2225 --nnohisas
432 2155 475 2221 de
496 2155 622 2223 Venere
668 2156 754 2224 enuit
776 2158 926 2223 Aeneam.
962 2159 1088 2223 Aeneas
1108 2155 1152 2221 da

46 2262 141 2308 reuse
165 2240 284 2317 Iulum,
305 2242 360 2330 qni
382 2251 415 2308 et
435 2242 599 2308 Ascanius.
626 2178 717 2318 zuo
746 2243 936 2321 interiecto,
960 2240 1048 2330 ipse,
1065 2254 1151 2329 post

46 2327 145 2401 miens
160 2325 193 2391 in
216 2326 355 2408 Italiam,
377 2326 420 2392 de
438 2327 581 2406 Lavinia,
602 2328 666 2395 filia
680 2327 796 2408 Latini,
818 2328 1013 2417 desponsata
1025 2328 1160 2407 Turno,

46 2411 128 2481 enuit
151 2411 279 2478 Silvium
303 2417 453 2480 Aeneam.
494 2412 608 2479 Silvius
635 2413 805 2480 lustinum.
835 2413 970 2480 Latinus
998 2413 1150 2501 Ilpytum,

46 2520 140 2585 apum
162 2509 196 2565 et
214 2500 382 2586 Capetum.
426 2499 568 2586 Capetus
590 2498 762 2566 Remulum
784 2508 817 2566 et
836 2502 995 2565 Acrotam.
1029 2501 1191 2587 Acrotaao

46 2584 210 2651 reatinum.
253 2586 430 2661 Aventinus,
445 2581 633 2651 Palatinum.
666 2584 828 2650 Palatinus
849 2583 1005 2650 Amulium
1027 2595 1060 2649 et
1081 2582 1151 2648 Nu-

46 2669 169 2737 itorem.
210 2668 350 2737 Amulius
368 2670 484 2758 genuit
503 2669 593 2736 Iliam
617 2671 836 2749 sacerdotem,
868 2692 940 2737 curn
968 2690 1044 2756 qua.
1061 2667 1154 2735 Mars·
1203 2688 1208 2705 ¹

46 2755 204 2830 mcubrrit,
244 2766 278 2822 et
313 2755 426 2843 genuit
456 2755 628 2822 Romulum
658 2767 692 2825 et
719 2755 867 2823 Remum.
910 2754 1039 2822 Romuli
1068 2762 1151 2821 u'xor

47 2840 171 2919 ersilia,
202 2838 245 2911 ‹le
267 2841 357 2944 cujus
377 2842 475 2929 stirpe
496 2841 555 2908 fuit
574 2841 683 2908 Iulius.
1008 2861 1014 2873 ·
1101 2852 1104 2857 '
1209 2858 1211 2862 ⁴

97 2926 180 2993 Item
213 2925 361 3014 Juppnter
392 2928 565 2993 concubuit
594 2949 668 3003 cum
696 2948 759 2993 uua
788 2925 831 2993 de
857 2934 996 3016 quatuor
1021 2924 1191 3002 filiabusas

46 3009 173 3091 dantis,
200 3032 334 3098 quarum
367 3013 494 3078 nomina
525 3032 586 3077 non
622 3012 790 3099 leguntnr3
827 3012 1005 3099 genuitque
1037 3033 1077 3077 ex
1109 3033 1150 3078 ea

46 3097 193 3164 untalum·
236 3097 391 3165 'I'antalus
412 3097 455 3162 de
473 3094 613 3185 Sterope
633 3099 747 3185 genuit
774 3096 904 3163 Nioben
929 3108 963 3163 ct
984 3094 1149 3184 Pelopem.
1166 3084 1171 3117 ¹

46 3183 130 3269 elops
151 3181 195 3248 de
215 3182 450 3272 Hippodamia,
472 3183 534 3248 lilia
551 3183 727 3266 Oenomai,
756 3204 841 3271 quae
861 3182 936 3249 vicit
956 3181 1057 3248 curuli
1078 3203 1149 3248 cer·
1195 3206 1199 3215 ¹

46 3268 131 3334 mine
152 3267 265 3335 auxillo
288 3268 424 3359 Myrtili,
451 3268 565 3356 genuit
586 3270 718 3336 Atreum
745 3281 779 3337 et
805 3269 860 3336 'rh
882 3277 991 3337 estem.
1035 3270 1148 3333 Atreus
1190 3292 1193 3299 ·
1260 3298 1264 3303 ·

46 3375 284 3439 gamemuonem
313 3369 347 3422 et
373 3355 562 3420 Menelaum.
603 3354 766 3422 Menelaus
788 3352 832 3420 de
887 3354 977 3420 elena
998 3352 1191 3429 Hermio-30

46 3463 94 3507 tm.
138 3439 430 3528 Agamemnonde
456 3441 691 3531 Clytemncstra
710 3442 859 3508 Orestem
884 3451 918 3506 ct
936 3437 1148 3527 Iphigeniam.
1197 3496 1200 3503 ,

96 3524 200 3615 Major
229 3526 361 3607 Thetis,
389 3547 471 3593 uxor
496 3525 637 3604 Oceani,
691 3526 779 3593 enuit
798 3522 986 3603 Thetidem,
1014 3537 1148 3589 matrem

46 3609 158 3691 chilim,
191 3620 225 3678 et
254 3610 449 3700 Clymenem.
491 3610 646 3700 Clymene
664 3548 727 3678 init
745 3631 829 3677 uxor
848 3608 951 3684 Solis,
983 3616 1015 3675 et
1035 3609 1150 3701 genuit

46 3697 224 3765 habthonta.
266 3696 346 3764 Item
368 3697 481 3784 genuit
501 3698 640 3762 Aeetam.
673 3695 790 3764 Aeetas
811 3694 987 3761 Theseum.
1023 3693 1148 3782 Neptu-

46 3807 70 3849 rs
91 3779 206 3866 genuit
222 3782 375 3869 Aegeum.
418 3786 548 3866 Aegeus
569 3780 742 3847 Theseum.
783 3780 933 3848 'I'heseus
955 3776 1001 3844 de
1020 3779 1189 3867 Hippo-³5

46 3881 92 3949 la,
127 3869 240 3955 regina
267 3873 479 3949 Amazonum,
508 3865 622 3955 genuit
642 3865 860 3958 Hippolytum.
913 3864 1003 3933 Idem
1033 3865 1148 3963 genpit
1238 3897 1246 3928 r

46 3954 359 4127 Bmiiriirioiiippiterr
380 4038 554 4106 concubuit
575 4022 651 4105 cum
667 4037 857 4112 Alcumena,
886 4054 988 4137 uxore
1016 4008 1160 4122 Amphi·¹
1200 4085 1205 4093 .

46 4125 145 4208 yonis,
176 4136 210 4192 et
229 4124 342 4211 genuit
362 4123 547 4190 Herculem.
589 4123 748 4191 Hercules
770 4119 813 4187 de
836 4121 988 4193 De'iamra
1005 4120 1143 4209 Hyllum.

46 4231 138 4298 tenor
170 4209 283 4300 genuit
312 4207 488 4292 Cadmum,
523 4209 708 4299 Europam,
734 4208 893 4296 Cilicem,
935 4204 1189 4276 Phoeniceum
