2632 4658
64 154 141 229 roa
383 154 569 257 osyuogs..
592 156 659 229 u.·
701 146 771 229 ro:
796 154 865 229 ao.

350 339 417 415 79.
471 343 593 416 June
631 352 675 415 ct
710 342 913 439 Semele·

146 470 230 537 Jouo
261 492 358 573 quum
389 466 526 549 rideret,
554 446 729 545 Semeleia,
760 466 875 535 Cadmi
903 467 1029 557 liliam,¹
1046 490 1133 559 quae
1160 482 1193 541 ct

64 554 117 623 'Ph
141 578 202 621 one
223 553 353 636 dicitur,
376 578 395 620 a
415 556 496 622 Jove
514 552 623 641 diligi,
643 554 674 619 in
697 553 852 621 aniculam
875 564 1053 635 versa‘est,
1075 568 1111 623 ct
1131 556 1193 623 Se-

63 580 161 709 meles
181 640 274 707 limen
293 638 492 727 ingrediens,
514 640 525 707 i
548 639 574 704 si
593 639 637 706 ita
656 638 762 709 locuta
784 652 850 707 estc
890 640 930 705 Sr'
958 650 1011 719 te,
1042 650 1085 705 ut
1106 662 1194 729 per·

39 724 203 802 ebibent,
233 725 370 813 integre
396 734 495 790 annet
522 662 703 811 luppiter,
733 722 776 789 ab
798 746 836 787 eo
857 724 1025 813 impetra,
1049 724 1196 789 attalia

63 808 113 877 od
139 820 172 875 te
200 809 338 884 veniat,
369 808 485 896 qualis
513 807 646 880 Iunoni
675 808 760 872 solet
789 808 913 875 videri.
964 808 1061 896 Quod
1095 832 1195 899 quum

65 893 193 963 Semele
212 917 233 959 a
251 894 331 960 Jove
349 904 499 981 rogaret,
530 892 580 958 ille
607 892 769 959 mortalem
797 891 880 958 nullo
901 891 999 959 modo
1019 892 1115 963 talem
1137 894 1195 960 ad-

65 990 193 1047 veutum
214 1001 308 1067 posse
328 979 415 1045 serre
436 978 522 1045 dixit.
563 976 619 1043 Illa
647 990 753 1045 autem
781 977 935 1059 instante,
962 978 1091 1045 tandem
1119 1001 1196 1068 pro·

66 1066 166 1145 misit,
194 1064 247 1131 tali
272 1064 382 1131 habitu
404 1089 440 1131 se
461 1062 504 1130 ad
525 1086 595 1127 eam
617 1085 688 1129 esse
709 1077 894 1147 venturum,
924 1064 1008 1152 quali
1029 1062 1072 1130 ad
1093 1063 1197 1131 Juuo·

26 1164 139 1215 1onem
158 1150 249 1217 venit
278 1148 341 1225 Qut
385 1172 460 1215 uum
480 1148 615 1215 venisset
633 1170 705 1213 cum
728 1148 874 1229 fulmine,
895 1149 1021 1215 Semele
1038 1150 1197 1217 sustinere

67 1259 130 1302 non
150 1236 270 1323 potuit,
299 1174 439 1302 etdhiit.
479 1233 626 1322 Juppiter
647 1255 740 1313 vero,
772 1246 882 1337 aperto
911 1233 979 1323 ejus
1000 1235 1197 1303 velocissime

65 1334 175 1399 utero,
196 1320 350 1386 Liberum
373 1333 497 1408 patrem
517 1321 586 1405 ipse
609 1329 642 1384 et
662 1318 838 1386 Mercurms
861 1332 971 1408 aperto
993 1320 1116 1387 femore
1137 1343 1196 1387 suo

67 1405 228 1472 abdidisse
246 1406 369 1483 dicitur,
392 1417 428 1473 ut
449 1403 578 1492 expletis
598 1426 709 1469 norem
731 1406 900 1480 mensibus,
920 1404 1062 1491 legitime
1084 1428 1198 1472 nasce·

68 1504 163 1557 retur.
206 1490 341 1569 Postea,
363 1489 525 1578 completis
544 1488 694 1557 maternis
715 1491 892 1567 mensibus,
911 1489 1083 1578 Nymphis,
1112 1512 1199 1581 quac

26 1578 208 1678 15Npsem,
244 1586 382 1643 montem
410 1576 539 1654 Indiae,
573 1575 835 1661 frequentabant,
868 1575 948 1641 clam
977 1575 1108 1645 tradidit
1139 1598 1198 1641 nu-

67 1660 238 1728 tuendum.
298 1660 403 1734 Quem
432 1670 544 1749 postea
574 1658 651 1738 luo,
690 1682 770 1727 uxor
801 1659 996 1729 Athamantis
1027 1683 1067 1727 ex
1097 1661 1199 1729 Aeolo

68 1746 185 1833 geniti,
204 1755 375 1812 matertera
395 1768 469 1823 sua,
496 1765 588 1811 soror
609 1741 753 1812 videlicet
774 1744 935 1826 Semeles,
967 1745 1104 1815 nutrisse
1124 1768 1200 1836 per-

69 1833 203 1898 hibetur.
245 1832 332 1897 Hinc
353 1832 434 1899 irata
453 1832 538 1897 June
560 1828 699 1895 furorem
719 1830 916 1911 Athamanti,
944 1832 1058 1909 manto
1078 1832 1199 1912 lnonis,

70 1917 212 1998 immisit,
233 1929 271 1984 ut
285 1916 365 1982 lilios
385 1940 460 1983 suos
473 1915 572 1982 uellet
595 1914 763 1996 occidere3
786 1937 918 2003 sperans
932 1928 986 1994 ut,
1006 1916 1200 1983 siLiberurn

17 2021 64 2069 ao
81 2016 192 2075 mtrem
224 2003 362 2067 invenire
389 2013 513 2089 posset,
545 2000 650 2078 simili,
685 2012 720 2067 ut
747 1999 883 2082 liberos,
903 2012 999 2068 ‘sorte
1019 2003 1199 2089 perimeret.

68 2028 157 2155 llinc
187 2088 336 2154 Athamas
368 2110 442 2153 mox
475 2108 570 2152 unum
600 2085 696 2150 filium
727 2108 818 2151 suum
845 2086 1026 2153 Learchum
1048 2085 1201 2155 Herculis

1 2188 2 2192 ’
69 2172 200 2239 extinxit
229 2173 361 2260 sagittis.
400 2172 469 2237 ·1no
501 2194 576 2236 vero
604 2171 751 2236 maritum
779 2194 870 2236 sarum
899 2172 952 2237 ubi
980 2172 1089 2237 furore
1109 2184 1144 2241 ct
1164 2194 1201 2239 se

1 2339 3 2346 Ι
68 2251 162 2346 ρετέε
186 2257 216 2321 ιιί
242 2258 421 2345 conspexit,
442 2256 657 2334 Melicertam,
679 2254 811 2321 alterum
832 2257 945 2335 lilium,
969 2256 1142 2347 arripiens,
1164 2280 1202 2323 se

70 2366 143 2408 cum
163 2283 215 2408 lllo
237 2342 455 2432 praecipitavit
476 2344 507 2406 in
529 2362 626 2405 mare.
668 2341 731 2416 Qui
752 2341 953 2428 postmodum
980 2342 1011 2407 in
1034 2342 1113 2409 deos
1132 2336 1218 2409 nra-⁰.

27 2429 156 2505 25rinos
186 2429 328 2495 conversi
359 2439 447 2507 sunt3
481 2426 648 2493 Melicerta
674 2425 706 2489 in
725 2427 951 2506 Portumnum,
1008 2428 1040 2493 ui
1067 2429 1203 2494 'Graece

69 2515 243 2580 Palaemon
265 2513 401 2594 dicitur;
428 2513 486 2578 lno
508 2513 540 2577 in
562 2512 713 2577 marinam
734 2511 844 2591 deam,
864 2536 949 2603 quae
1004 2534 1098 2579 caece
1123 2512 1203 2580 dicl-

68 2612 121 2666 tur
151 2600 349 2665 Leucothea.
392 2597 593 2664 Palaemonis
622 2608 727 2661 autem
755 2620 871 2699 corpus
894 2620 989 2685 quum
1013 2598 1205 2665 Corinthum

70 2685 183 2751 luisset
204 2685 386 2772 appulsum,
418 2705 458 2749 ex
486 2682 596 2748 habitu
622 2682 839 2771 contemplati,
871 2684 958 2770 regis
977 2684 1075 2751 luisse
1095 2684 1205 2763 filium,

69 2769 287 2839 humaverunt.
330 2768 391 2834 Cui
413 2769 543 2838 humato
564 2766 740 2835 institutum
762 2768 863 2836 fertur
883 2768 1012 2839 lustrale
1032 2781 1206 2839 certamen.

27 3053 63 3102 30
485 3019 553 3094 80.
608 3020 789 3094 Liber.

151 3145 269 3226 Liber,
308 3145 435 3223 adultae
473 3149 576 3214 factus
604 3149 733 3229 aetatis,
766 3146 889 3215 Indiam
925 3148 985 3213 sibi
1013 3148 1207 3250 subjugavit.

69 3229 150 3297 lude
180 3241 361 3312 revertens,
420 3255 495 3298 uum
523 3233 555 3297 in
588 3231 717 3299 deserta
742 3245 775 3300 et
805 3247 945 3300 extrema
969 3246 1061 3335 parte
1080 3235 1209 3324 Libyae

74 3322 256 3397 teneretur,
278 3340 318 3383 ac
339 3317 391 3384 siti
399 3257 570 3383 laboraret
590 3318 764 3398 exercitus,
795 3341 928 3405 rogasse
948 3317 1063 3386 dicitur
1082 3320 1208 3400 Jovem,

74 3416 110 3469 ut
139 3428 196 3486 se,
232 3426 345 3491 aquam
380 3404 409 3468 ei
439 3401 655 3483 ostendendo,
688 3416 810 3490 patrem
839 3406 999 3493 probaret.
1056 3404 1134 3472 Mox
1169 3426 1209 3471 ex

28 3509 171 3570 35areua
193 3491 274 3556 aries
296 3490 459 3577 apparuit,
479 3489 532 3576 qui
555 3488 638 3577 pede
660 3487 781 3555 clevato
803 3490 987 3557 monstrarit
1006 3488 1132 3571 locum,
1154 3490 1209 3556 ubi

73 3572 196 3641 fodiens
227 3598 341 3662 aquam
369 3586 479 3662 posset
499 3575 645 3640 invenire.
689 3574 785 3640 'l'unc
810 3588 922 3665 aperta
937 3587 1043 3657 terra,
1074 3597 1210 3664 egressa

71 3669 121 3725 est
140 3683 159 3725 a
182 3683 222 3725 ua
245 3660 440 3746 largissima3
473 3660 538 3737 rel,
567 3670 603 3727 ut
628 3658 679 3726 alii
710 3660 838 3744 dicunt,
867 3661 951 3728 aries
970 3661 1031 3748 ipsi
1050 3661 1209 3750 apparuit,

73 3766 137 3830 quo
159 3684 245 3810 duce
265 3747 365 3809 Liber
387 3768 503 3833 aquam
524 3745 648 3812 invenit.
691 3747 824 3813 Inventa
851 3758 958 3813 autem
984 3768 1088 3832 aqua,
1120 3746 1211 3897 petiit

74 3852 93 3894 a
121 3829 219 3909 Jove,
248 3839 283 3895 ut
313 3831 444 3898 arietem
470 3831 503 3895 in
533 3842 618 3898 astra
638 3832 835 3899 transferret.
878 3833 915 3899 Iu
936 3854 975 3896 eo
998 3843 1104 3898 autem
1140 3855 1210 3913 oco,

29 3915 129 3988 snubi
159 3937 243 4002 aqua
274 3915 380 3995 llurit,
416 3914 565 4003 templum
596 3918 773 3995 coustituit,
812 3916 900 4003 quod
928 3916 1016 3982 Jovis
1048 3918 1211 3986 Ammonis

74 3998 201 4068 dicitur.
246 3999 457 4065 Simulacrum
481 4001 575 4067 etiam
604 4002 690 4090 ejus,
722 4001 854 4104 adjectis
885 4003 1034 4069 cornibus
1060 4003 1212 4085 arietinis,

74 4085 257 4153 conlectum
279 4096 336 4152 est.
379 4085 530 4170 Pingitur
552 4097 657 4153 autem
685 4089 833 4154 cormbus
861 4088 1017 4168 arietinis,
1046 4088 1134 4180 quod
1162 4112 1213 4168 ea,

76 4194 160 4260 quae
180 4171 224 4238 ibi
247 4170 364 4240 dantur
384 4192 555 4259 respousa,
588 4173 782 4243 obscuritate
803 4185 877 4244 suot
897 4173 1043 4244 involuta
1086 4174 1213 4246 Dicitur
