2632 4658
149 154 228 233 ica
291 140 298 155 ‘
420 151 604 253 uyooffr.
638 150 805 291 ω.
831 212 834 217 .
859 152 1008 231 s-r.

147 338 234 407 unde
251 344 288 406 'et
304 335 442 427 Cybebe
461 332 600 411 diuitum·
620 335 654 402 id
676 336 726 403 est
743 335 882 423 gloriae
894 333 1079 423 „sternitum
1116 336 1220 407 {lude
1247 354 1278 405 et

146 428 310 505 Homerus
329 423 391 490 ait:
412 420 479 487 Oui
495 421 652 509 gloriam
665 420 830 509 Iuppiter
851 422 1053 489 donavero&
1094 424 1179 493 ldeo
1199 448 1277 513 quo·
1309 496 1312 503 ,

21 572 24 577 .
148 535 212 601 que
232 507 439 577 cum-turrito
461 528 579 573 corona
600 506 758 595 pingitur,
793 503 881 593 quod
909 506 1011 573 omnis
1030 511 1197 597 potentiue
1217 513 1277 576 ele·
1309 516 1312 547 ¹

149 598 232 665 vatio
253 595 293 662 iu
306 594 410 685 cupito
430 592 478 659 sit.
530 590 610 658 Ideo
638 589 799 691 multiplici
820 603 908 672 veste
939 591 1042 679 fulget
1069 606 1103 661 et
1134 594 1277 663 leonibus

124 704 280 754 scutrum
300 678 503 747 trahentibus
517 678 650 757 utitur,
683 698 759 764 qum
776 678 888 744 ,omnis
915 679 1073 765 potentia,
1105 691 1138 748 et
1167 696 1277 749 oruata

149 782 217 848 est,
252 776 286 833 et
313 765 373 867 ipsi
401 764 496 830 etiam
524 763 628 830 virtuti
646 761 807 828 donatur.
867 764 1040 851 Sceptrurn
1069 764 1158 846 ,ἢθηἸ
1191 768 1276 856 quod

147 877 252 942 reguo
272 851 373 917 viana
392 849 434 915 sit
453 848 554 914 omnis
575 860 727 936 potestas.
762 846 866 915 Mater
887 846 1020 915 deorum
1043 847 1170 932 dicitur,
1192 852 1276 941 quod

148 936 401 1031 apud-autiquos
425 933 484 1013 dii,
519 934 586 1000 sive
606 932 797 1014 doemones,
832 932 1077 1021 sive-indigetes
1098 958 1120 1001 o
1139 936 1277 1010 divitiis

149 1038 225 1095 sunt
244 1022 330 1089 dicti.
371 1019 558 1088 Divittarum
579 1031 685 1086 autom
708 1028 810 1084 mater
831 1030 881 1086 est
901 1019 1050 1107 potentia.
1073 1022 1189 1089 floeo
1209 1026 1276 1090 Atio

108 1105 565 1202 sumerum-formosissimum
587 1126 711 1171 amasse
730 1102 862 1182 dicitur,
885 1105 1094 1193 quern··nimio
1116 1107 1193 1173 aelo-
1206 1130 1276 1175 suc-

148 1219 248 1265 censa
269 1192 427 1261 cessavit.
469 1190 562 1279 Ergo
584 1189 724 1279 potentia
745 1188 887 1276 gloriosa
913 1208 1040 1293 sempor
1070 1190 1275 1260 maximarum

149 1280 346 1349 familiarium
374 1296 504 1342 suorum
534 1289 568 1341 et
598 1296 707 1342 eruore
738 1284 878 1344 torretur
911 1287 945 1343 et
971 1276 1069 1341 livore
1099 1288 1274 1367 torquetur.
1308 1298 1312 1359 ς

148 1371 212 1436 cito
235 1388 294 1432 uas·
305 1361 457 1440 abscidit,
494 1359 581 1450 quod
611 1361 731 1448 diligis
768 1360 845 1426 dum
878 1360 984 1427 tomen
1018 1373 1164 1449 amptum
1193 1354 1274 1433 illud.
1306 1384 1313 1449 g

148 1390 235 1543 quod
268 1449 344 1517 odit
398 1446 509 1512 Omnis
538 1446 619 1513 enim
649 1467 735 1511 nunc
764 1467 867 1514 usuc
893 1446 1164 1535 potentiauescit
1192 1450 1274 1517 cirea

106 1562 224 1613 15suos
246 1536 428 1603 diuturnum
451 1554 578 1597 servare
599 1533 759 1601 affectum.
778 1596 782 1603 ,
799 1469 880 1596 ideo
902 1543 936 1598 et
948 1533 1018 1601 Atio
1033 1531 1096 1598 dici
1111 1533 1274 1603 voluerunt

148 1622 239 1715 quasi
257 1619 373 1687 Elison
380 1642 394 1697 3
424 1626 508 1692 ἔθος
526 1618 609 1683 enim
631 1618 761 1683 Graece
775 1614 996 1697 coronando
1016 1614 1140 1686 dicitur.
1183 1620 1273 1725 Ergo

133 1717 428 1801 quantuscumque
440 1702 482 1779 sit
495 1703 642 1773 amorio
661 1700 852 1790 potentibus,
871 1701 991 1769 stobilis
1009 1725 1083 1771 esse
1100 1725 1163 1769 nou
1181 1721 1273 1773 norit.

213 1790 355 1861 .3.·-·.t)e
375 1786 489 1856 eadem
516 1809 592 1855 vero
612 1788 687 1875 Ope
711 1785 872 1875 quaedam
890 1786 1060 1875 Remigius
1080 1788 1274 1861 evidentiora

87 1886 109 1959 ,¹
147 1876 302 1971 proponit
328 1874 398 1945 dit
416 1873 515 1941 enims
544 1873 674 1941 Saturni
702 1872 818 1959 conjux
847 1872 917 1961 Ops
947 1873 1139 1959 grandaeva.
1162 1876 1275 1946 dicitru
1309 1892 1315 1943 1

104 1979 182 2043 noct
203 1961 389 2053 corpulenta
408 1971 522 2040 mater,
539 1958 626 2047 qnod
647 1960 716 2047 ipso
737 1971 787 2025 est
804 1971 890 2026 terra
907 1960 1048 2027 omnium
1061 1966 1274 2051 procreatrix
1307 1980 1315 2043 ξ

147 2050 335 2139 corpulento
374 2043 449 2111 ideo
485 2043 572 2132 quod
609 2042 797 2113 elementum
828 2054 935 2111 terrae
962 2047 1099 2115 ormius
1136 2059 1172 2117 et
1202 2071 1272 2115 cor·
1309 2058 1315 2113 t

146 2137 303 2226 polentius
318 2143 375 2199 est
395 2130 519 2199 ceteris.
564 2130 692 2197 Vestem
714 2129 812 2196 habet
840 2125 1048 2213 discolorem,
1079 2132 1218 2221 gemmis
1241 2148 1273 2201 et
1309 2116 1315 2197 l

147 2222 278 2290 metallis
300 2226 453 2285 ornatum.
492 2216 587 2283 Haec
607 2216 690 2291 euim
711 2215 744 2279 in
762 2214 932 2281 visceribus
954 2227 1109 2285 terrarum
1132 2217 1181 2284 rel
1203 2240 1273 2286 are-
1310 2277 1316 2295 .

149 2310 196 2375 nis
218 2305 427 2390 colliguntur;
447 2298 507 2368 sed
528 2312 561 2369 et
582 2300 766 2388 superficies
787 2311 892 2366 terrae
913 2302 1083 2372 herbarum
1103 2315 1137 2371 et
1157 2306 1273 2373 florum

105 2393 301 2464 asvarietote
320 2387 462 2455 vestitur.
488 2386 605 2453 .Haec
624 2397 657 2453 et
686 2384 808 2474 Cybele
838 2387 927 2473 quasi
956 2386 1078 2454 Cubele
1106 2388 1195 2458 dictu
1213 2402 1271 2459 est
1315 2393 1316 2452 l

147 2481 253 2548 'Parra
273 2476 357 2543 enim
377 2472 450 2538 nihil
477 2482 527 2537 est
544 2470 673 2539 solidius
700 2470 926 2538 inclementis.
978 2475 1107 2542 Onbmn
1135 2495 1274 2565 namque
1315 2485 1316 2514 ³

145 2565 297 2631 solidum
325 2556 461 2638 dieunt:¹
484 2555 570 2624 unde
598 2569 630 2624 et
661 2555 780 2623 solidos
805 2579 953 2623 numeros
981 2558 1083 2624 cubos
1114 2581 1274 2629 remmus

146 2650 239 2729 Sive,
273 2656 312 2714 ut
342 2642 434 2711 idem:
460 2641 542 2719 volt,
583 2664 605 2707 a
625 2643 754 2709 Graeco
779 2639 895 2710 dicitur
926 2643 1065 2733 Cybele,
1098 2646 1187 2734 quod
1206 2646 1273 2715 Iau-

146 2737 212 2801 tine
241 2740 336 2799 sonat
365 2725 494 2793 rotatio
521 2726 684 2813 capitis,.
710 2727 784 2814 quia
812 2727 843 2791 in
865 2729 932 2818 ejus
958 2730 1057 2797 sacris
1085 2730 1272 2801 sacerdotes

104 2811 1065 2991 ³⁰{tttstlttttttttettttttttt1„lta?
1078 2838 1273 2971 ilidii&
1314 2842 1316 2846 ⁴

144 3012 234 3071 rum3
265 2985 380 3053 dicitur
409 2980 500 3051 tellus
519 2980 616 3047 olma
643 2982 684 3048 ab
713 3004 775 3063 eo,
808 2985 895 3071 quod
917 3008 974 3052 nos
994 2925 1082 3051 alai).
1135 2990 1276 3056 Aburius

143 3089 250 3142 tamen
269 3082 303 3141 et
324 3068 409 3148 aliis,
426 3066 546 3153 iuquit,
567 3067 742 3135 num‘mibua
765 3069 828 3136 hoc
845 3069 1005 3157 epitheton
1025 3069 1146 3141 domm
1189 3075 1276 3141 'l'er-
1314 3119 1316 3125 -

146 3185 214 3226 ram
236 3169 343 3225 autem
365 3164 492 3221 constat
513 3165 645 3219 matrem
674 3177 745 3220 esso
770 3154 913 3220 deorum.
968 3155 1065 3223 Unde
1090 3170 1124 3226 et
1144 3159 1272 3227 simula·

102 3270 235 3348 sectum
257 3243 336 3309 illius
357 3261 440 3338 cum·
458 3237 546 3338 clavo
571 3236 722 3337 pingitur.
776 3239 858 3305 Nam
888 3253 975 3341 terra
1005 3254 1149 3331 tempore
1176 3268 1273 3311 verm

144 3320 659 3487 circumstetit
680 3323 957 3496 dttttttt?
965 3325 1126 3500 ,lttts
1144 3342 1274 3483 ”dili

144 3505 226 3569 euim
256 3500 365 3568 leuitas
386 3505 547 3561 maternae
579 3492 724 3582 subjacet
742 3494 902 3561 affectioni
923 3508 956 3563 et
975 3498 1003 3562 ei
1025 3498 1198 3589 subjugata
1215 3512 1274 3568 est

145 3590 253 3654 Curru
273 3582 344 3653 vehi
370 3579 507 3657 dicitur,
535 3576 622 3665 quod
653 3590 737 3645 terre
766 3580 955 3667 impendeat.
997 3582 1080 3649 Ideo.
1100 3587 1274 3655 sustinetur

102 3674 241 3752 sorotis,
280 3669 356 3759 quia
383 3664 518 3732 muudus
547 3674 669 3729 rotatur
700 3674 734 3731 et
759 3664 936 3731 revolubilis
965 3680 1023 3734 est.
1065 3668 1146 3736 Ideo
1168 3672 1273 3762 Gory-

147 3761 275 3837 bantes‚
307 3753 361 3841 qui
382 3773 455 3816 cum
475 3748 591 3815 strictis
611 3749 785 3836 pinguntur
806 3750 965 3836 gladiis‚‘
991 3751 1039 3819 'us
1063 3753 1195 3824 suerunt
1214 3759 1275 3825 mi·

145 3845 251 3923 nisui,
281 3852 317 3907 ut
336 3836 549 3922 significetur,
579 3856 689 3900 omnes
711 3855 769 3922 pro
790 3846 875 3933 terra
896 3858 954 3904 sua
970 3775 1096 3905 decem
1115 3862 1275 3944 pugnare.

146 3929 242 4004 Quod
264 3924 406 3994 turritam
429 3931 536 4006 gestat
567 3940 735 3998 coronam,
770 3920 925 4000 ostendit,
962 3939 1180 4012 superposltas
1207 3938 1275 3997 ter·

146 4039 202 4081 rae
222 4037 301 4080 esse·
319 4007 476 4081 civitates,
512 4026 591 4091 quas
612 4004 777 4092 insignitus
800 4008 942 4074 turribus
964 4007 1096 4077 constat.

104 4118 138 4165 rs
228 4101 258 4164 4.
299 4095 352 4161 De
373 4114 412 4157 eo
434 4099 557 4167 autem,
591 4089 678 4177 quod
699 4091 769 4157 Atiu
799 4093 965 4173 amaverit,
1000 4096 1152 4163 tantillum
1175 4096 1275 4166 tradit

146 4181 324 4271 Remigius.
365 4177 450 4259 stis,
482 4174 598 4263 inquit,
623 4174 695 4265 flos
714 4177 957 4265 interpretatur,
990 4179 1020 4245 in
1049 4181 1139 4268 cnjus
1167 4184 1274 4269 figura
