2632 4658
153 154 249 230 aas
405 150 740 273 aymonem.
794 109 858 229 rr.
913 152 979 229 so.
1053 188 1095 211 »

152 356 291 407 suorum·
320 335 468 419 obturat,
502 359 544 403 ne
572 358 682 405 aarum
719 336 950 407 modulationes
981 335 1130 415 and‘mnt,
1168 336 1204 405 id
1237 350 1285 407 est

64 430 67 435 '
151 419 334 527 praeceptis
363 444 420 489 eos
455 420 644 490 salutaribus
664 422 830 504 informat,
865 446 908 491 ne
928 422 1145 501 saecularibus
1165 422 1283 489 deliciis
1315 432 1316 451 ¹

17 566 20 571 .
150 506 360 595 unplicentnr.
415 507 490 595 lpse
511 531 586 574 vero
604 508 687 575 malo
716 509 861 595 alligatus
881 511 1011 589 transit,
1038 508 1073 575 id
1100 519 1153 577 est
1182 509 1283 577 virtuti

151 592 304 674 innitens,
320 592 395 661 licet
414 592 643 659 mundanarum
663 595 850 661 varietatum
876 594 1040 662 illecebras
1061 592 1197 673 sentiat,
1230 617 1281 661 eas

126 688 259 745 ttamen
280 688 485 745 contemnens
497 679 537 745 in
558 680 691 766 patriam
711 680 924 766 sempiternae
936 678 1150 759 ,bmdmdiuls
1173 676 1281 747 tendit

149 764 204 833 Eo
223 772 331 830 autem
352 762 516 850 digresso,
535 763 647 830 dolore
666 766 842 851 perierunt,
862 766 937 868 quia
953 765 987 831 in
1006 764 1115 831 animo.
1133 763 1281 853 sapientis
1300 818 1303 833 .

150 847 287 917 carnalis
305 842 562 937 doncupiscentia
590 858 751 917 contemta
784 861 945 918 emuntur.
996 846 1149 915 Nonnulli
1177 860 1280 923 tamen

149 933 208 1001 bas
228 936 296 1002 tres
310 978 314 985 ·
327 955 455 1000 sorores
482 933 709 1021 pulcherrimas
738 935 923 1002 meretrices
950 933 1049 1001 luisse
1075 934 1279 1003 contendunt·
1315 979 1316 988 κ

149 1019 245 1094 Quae
266 1018 340 1108 quia
360 1006 551 1087 accedentes
580 1019 783 1089 deducebant
809 1018 852 1085 ad
881 1030 1075 1107 egestatem,
1109 1020 1149 1086 iis
1178 1017 1280 1087 dictae
1315 1051 1316 1090 t

108 1115 224 1185 tosunt
246 1105 366 1171 inferre
387 1104 563 1193 naufragia.
612 1104 760 1173 Volatiles
789 1104 878 1193 pingi
898 1116 1101 1187 meruerunt,
1131 1102 1185 1171 rel
1210 1104 1280 1193 qnia
1310 1094 1316 1168 l

148 1190 325 1273 amantium
349 1202 478 1257 mentes
514 1189 660 1256 celeriter
693 1201 845 1278 pereunt,
885 1190 932 1255 vel
970 1190 1044 1277 qrria
1078 1190 1278 1277 meretricum
1315 1263 1316 1270 χ

29 1294 38 1301 ’·
146 1297 240 1341 amor
261 1275 410 1341 citissime
429 1274 554 1342 labitur.
608 1274 808 1343 Gallinaceos
829 1273 929 1361 pedes
950 1272 1085 1354 babent,
1118 1274 1198 1364 qnia
1217 1274 1279 1341 libi
1315 1287 1316 1305 ¹

147 1359 231 1429 dinis
266 1361 401 1427 affectus
442 1358 667 1448 quantamlibet
699 1361 930 1448 possessionem
965 1360 1114 1426 inutiliter
1151 1360 1278 1449 spargit

145 1445 234 1515 Nam
267 1444 355 1534 quod
388 1444 479 1510 Plato
510 1447 543 1512 in
575 1469 633 1512 sua
666 1444 845 1534 Republica
876 1469 975 1533 quum
1004 1443 1047 1510 de
1073 1443 1279 1535 sphaerarum

105 1529 546 1599 15oa.eleslium··.volnbilitate
570 1541 741 1611 tractaret,
769 1530 910 1617 singulas
931 1530 977 1596 ait
995 1530 1125 1597 Sirenes
1148 1530 1277 1617 singnis

145 1617 278 1683 orbibus
297 1614 453 1692 insidere,
474 1615 679 1702 sphaerarum
699 1625 788 1682 motu
809 1616 1004 1682 harmoniam
1022 1613 1279 1719 jucundissima
1302 1616 1305 1621 ’

103 1727 105 1731 ’
135 1702 326 1767 'numinibus
347 1700 536 1787 significavit
555 1700 704 1779 exhiberi.
747 1700 843 1766 Unde
861 1699 1005 1766 sub=alia
1023 1700 1280 1789 interpretatione
1301 1756 1304 1761 .

146 1787 258 1868 Siren,
287 1784 388 1874 inquit
407 1786 606 1867 Macrobioe,
634 1784 697 1849 deo
716 1808 843 1877 ennena
861 1787 990 1851 Graeco
1010 1784 1171 1853 intellectu
1192 1784 1279 1853 valet.

147 1873 235 1939 Sane
258 1871 414 1938 Salustius
436 1870 574 1961 Scyllam
604 1869 681 1936 dicit
706 1892 817 1937 saxum
838 1869 937 1936 simile
958 1871 1079 1937 formae
1100 1869 1279 1938 celebratas

102 1955 260 2108 nogrocul
276 1956 457 2024 visentibus.
506 1959 614 2024 Canes
643 1976 718 2020 vero
742 1966 776 2023 et
796 1954 826 2020 ln
851 1956 861 2021 i
882 1957 924 2021 ob
946 1956 1009 2021 boc
1029 1979 1067 2021 ex
1089 1978 1148 2037 ea,
1183 1966 1221 2023 ut
1239 1956 1280 2023 ait

173 2044 296 2124 errius,
331 2042 396 2108 nati
429 2062 501 2106 esse
531 2043 714 2128 finguntur,
748 2064 810 2128 qno
861 2063 901 2106 ea
928 2038 1001 2107 loca
1029 2042 1098 2129 ipsa
1129 2040 1278 2108 monstris

144 2128 287 2195 maximis
309 2127 402 2214 plena
422 2136 514 2209 sunt,
553 2139 586 2194 et
620 2123 779 2193 undarum
800 2124 842 2193 ad
860 2148 938 2193 saxa
965 2125 1114 2194 illisarunt
1128 2127 1216 2197 ,soni
1236 2125 1278 2193 ln·

144 2224 264 2281 tratum
284 2212 456 2279 imitantur.
1075 2210 1080 2221 ’

145 2302 149 2311 “
228 2298 280 2366 10.
321 2297 407 2372 Quia
426 2316 502 2387 vero
524 2292 567 2360 de
589 2294 695 2362 Marte
714 2298 861 2385 superius
881 2305 1024 2365 orta-est
1043 2292 1175 2375 mentio,
1194 2288 1279 2363 idern
1310 2257 1316 2331 i

100 2381 230 2452 mMars
247 2383 297 2451 rel
330 2383 373 2449 ob
402 2380 467 2449 boc
499 2378 588 2468 juxta
624 2379 809 2470 Remigium
843 2383 1002 2451 Gradivus
1029 2378 1165 2461 dicitnr,
1205 2378 1279 2468 qnia

139 2469 327 2557 gradatim
345 2466 453 2557 pergit
472 2465 504 2533 in
525 2464 698 2556 proelinm;
730 2468 777 2535 vel
806 2462 875 2536 dard
892 2471 957 2539 rori
985 2465 1138 2554 ysaram,
1175 2460 1280 2531 idest

143 2577 164 2620 a
200 2552 395 2620 vibratione
431 2552 571 2634 bastoe3
608 2550 655 2617 rel
685 2551 777 2640 juxta
817 2552 954 2619 eundem
991 2548 1150 2617 Gradivus
1176 2550 1278 2637 -qnaii

140 2648 271 2724 gratus
291 2637 419 2719 divus,
443 2634 567 2715 idest,
596 2636 715 2724 inquit,
738 2646 934 2724 potensest
953 2637 1067 2702 divus.
1107 2634 1278 2721 Frequens

142 2723 205 2788 tius
237 2733 362 2799 tamen,
409 2744 507 2809 quum
545 2721 700 2800 saeviret,
744 2720 922 2805 Gradiuum
961 2716 1060 2810 quium
1089 2718 1277 2805 tranquillus

100 2815 245 2885 adesset,
272 2806 424 2881 Quirinus
454 2805 630 2874 dicebatur.
681 2807 756 2873 Duo
777 2806 914 2896 denique
936 2830 955 2873 a
976 2804 1129 2871 Romanis
1161 2802 1279 2893 templs
1309 2827 1316 2852 ⁴

141 2892 275 2973 meruit,
314 2890 449 2958 alterum
479 2890 562 2958 intra
593 2891 727 2973 urbem,
759 2892 848 2978 qnasi
877 2903 986 2959 custos
1016 2894 1049 2957 rit
1080 2888 1279 2977 tranquillus,

141 2975 275 3044 alterum
306 2987 399 3044 extra
430 2977 561 3056 urbem,
597 2978 687 3064 quasi
716 2976 848 3044 bellator
877 2977 1046 3043 Gradivus.
1084 2973 1276 3053 Bellnnlinnr

140 3073 248 3129 antem
269 3085 386 3129 numen
407 3060 469 3128 dici
499 3060 640 3143 videtur,
675 3062 750 3151 qnia
777 3062 866 3130 stella
892 3063 921 3129 ei
954 3061 1126 3151 deputata,
1163 3070 1277 3147 utpote
1309 3109 1316 3144 ,

140 3149 283 3236 proximo
303 3148 375 3215 loco
404 3169 501 3235 supra
522 3145 767 3228 solemlocata,
796 3147 1014 3215 ardentissima
1034 3168 1106 3212 esse
1127 3144 1275 3233 perbibe-

96 3247 210 3314 ³5tur;
251 3245 285 3301 et
319 3234 352 3300 in
386 3233 452 3299 suis
491 3230 653 3299 domiciliis
688 3233 876 3313 constituta,
918 3231 1034 3299 bellum
1066 3231 1275 3320 praesignare

138 3319 344 3386 existimetur.
386 3316 468 3383 Inde
490 3328 523 3384 et
551 3319 634 3385 Scor
655 3316 720 3384 ium
753 3319 903 3404 Virgilius
935 3318 1100 3384 ardentem
1126 3316 1274 3405 appellet,

138 3403 226 3494 qnod
247 3404 359 3472 Martis
380 3403 526 3471 videlicet
547 3415 596 3471 est
628 3341 829 3471 domicilium.
882 3403 967 3470 Nam
997 3400 1124 3489 Scorpii
1163 3402 1273 3491 ulique
1310 3387 1316 3410 ⁴

137 3502 263 3579 tempus
297 3487 450 3579 lrigidum
478 3499 548 3572 est,
582 3488 700 3579 qnippe
727 3489 819 3578 cujus
851 3490 967 3556 mensis
999 3487 1187 3554 November
1217 3497 1275 3553 est

137 3578 282 3643 Gramen
307 3576 348 3659 eij
365 3574 549 3656 dedicatur,
586 3575 661 3663 quia
688 3572 866 3657 secundum
900 3572 1035 3641 Plinium
1066 3573 1099 3637 in
1126 3568 1274 3639 Naturali

61 3724 67 3736 ,
96 3661 281 3729 toHistoria
302 3683 341 3727 ex
364 3661 502 3728 humano
522 3683 638 3727 cruore
658 3671 856 3747 procreatur.
912 3661 974 3727 Est
1001 3668 1108 3725 antem
1136 3676 1274 3745 gramen

135 3747 260 3835 species
280 3746 439 3829 *herbae3‘
456 3746 531 3813 licet
560 3745 752 3834 generaliter
773 3747 873 3812 omnis
900 3745 1001 3811 herba
1021 3763 1158 3831 gramen
1180 3747 1274 3809 roce-

134 3844 206 3916 tnr3
240 3833 324 3900 sicut
354 3834 454 3899 robur
475 3853 570 3899 omne
590 3832 728 3919 lignum,
764 3855 865 3919 quum
882 3831 923 3897 sit
939 3832 978 3895 'et
999 3829 1132 3919 species.
1177 3826 1275 3895 Unde

136 3927 169 3984 et
187 3918 325 3987 Romani
347 3918 444 3986 moris
465 3919 587 3996 luerat,
627 3939 726 4005 quum
758 3918 801 3982 de
829 3940 866 3984 re
887 3915 998 3983 bellica
1028 3924 1203 4003 ageretur,
1241 3924 1275 3981 et

134 4004 229 4073 Marti
250 4004 505 4083 sacrificaretur,
538 4024 611 4069 aras
632 4002 827 4070 constituere
848 4002 1038 4106 gramineas.
1088 4002 1116 4067 A
1142 4000 1273 4069 Jnnone

94 4109 211 4161 tecum
231 4091 299 4157 sine
321 4090 419 4180 patris
447 4088 639 4155 admixtione
661 4099 769 4155 natum
797 4088 861 4156 dics
891 4087 1056 4174 suspicor,
1095 4086 1173 4175 quia
1204 4088 1273 4177 ejus

135 4174 224 4244 stella
244 4177 273 4244 si
291 4182 502 4266 parcerem,
523 4171 556 4243 id
577 4186 628 4244 est
645 4175 823 4259 lunonem,
853 4175 921 4244 sola
939 4176 972 4241 iu
997 4171 1149 4244 utrobbet
1172 4172 1272 4243 domi·
1311 4262 1315 4271 ¹
