2632 4658
91 154 95 159 ⁵
149 162 233 240 208
417 270 420 283 Ι
473 165 656 281 lllyllrogr.
685 168 757 239 ΙΙΙ.
812 170 852 242 il.
879 170 972 245 [15.

62 422 65 431 ἡ
150 348 279 415 roribus
299 344 428 415 aesb'ris
447 290 593 433 oviparos
614 343 763 434 producit
782 347 900 429 luctus,-
919 349 968 417 rei
987 352 1075 440 quod
1105 352 1279 421 mundun

151 434 228 500 alios
251 432 334 499 haec
356 431 421 496 avis
441 430 583 517 auguriis
606 431 766 519 aptissima
788 445 845 501 est
896 434 993 501 Unde
1015 433 1161 518 Statius,
1190 438 1286 509 intel.
1314 444 1316 469 ³

152 520 280 584 citatem
311 515 439 603 angarii
476 517 643 596 intimans,
675 515 865 583 obscurum
900 521 1057 595 comitem
1098 524 1279 610 tripodum,
1307 520 1315 561 l

151 604 186 669 id
227 612 277 669 cst
315 610 461 680 corvum,
502 602 616 687 abesse
645 602 860 689 conqueritur.
915 605 1014 679 Quod
1056 618 1168 693 autem
1196 630 1278 675 eun
1306 669 1309 683 ,

129 689 309 755 onoebus
332 687 426 777 juxta
447 684 596 753 Ovidium
617 686 649 751 in
674 686 818 753 secundo
846 687 1021 757 Fastorum
1043 692 1115 761 lrac
1139 692 1279 761 ,affecerit
1315 697 1316 719 ¹

152 772 343 860 ignominia,
375 783 411 839 ut
430 770 582 858 quamdiu
612 772 693 838 licus
723 786 937 860 coquerentur
963 787 997 843 et
1023 790 1278 859 maturesceroct,

43 936 47 949 ἱ
152 861 264 925 bibere
284 880 348 924 non
368 867 495 945 posset,
525 858 572 923 ob'
589 855 654 924 hoc
678 858 787 923 fictum
810 857 945 944 legitur,
983 858 1152 949 quod.illis
1177 862 1277 931 diebus

153 956 267 1055 Quttur
303 955 467 1032 pertusum
507 941 627 1009 babere
656 942 871 1029 perhibeatur.
922 946 1115 1049 Secundum
1150 948 1276 1015 fabulas
1309 958 1311 966 ’

155 1030 210 1097 bol
240 1051 315 1097 cum
342 1028 498 1117 Clymene
526 1027 675 1117 Nympha
706 1030 814 1095 coiens
837 1028 1046 1099 -Plraiitbonts
1071 1031 1201 1101 -drcitnr
1231 1056 1275 1121 ge

112 1117 278 1194 tonuime,
299 1114 353 1202 qui
373 1124 525 1201 paternos
545 1135 660 1179 currus
681 1114 835 1182 affectans
867 1113 926 1181 sibi
949 1128 1045 1204 atque
1067 1118 1200 1187 mundo·
1214 1139 1287 1185 con.
1311 1161 1316 1179 .

154 1199 354 1269 cremationis
374 1198 563 1265 detrimenta
580 1198 736 1265 conflavit.
780 1200 917 1287 Semper
937 1224 1019 1287 ergo
1038 1201 1086 1291 sul
1108 1226 1275 1293 cauasque
1306 1210 1310 1223 '

155 1287 265 1353 coiens
286 1285 409 1351 fructus
429 1282 549 1370 aliquos
571 1284 687 1370 gignat
709 1305 842 1351 necesse
862 1294 928 1365 est,
948 1287 1003 1374 qui
1023 1310 1064 1353 eo
1085 1289 1178 1375 qnod
1198 1289 1275 1357 terris
1311 1325 1316 1348 ·

24 1382 27 1389 '
155 1373 317 1439 exilientes
342 1381 536 1457 appareant,
566 1369 788 1456 phaethonta.
802 1370 892 1456 quasi
918 1373 1098 1457 pulsorem
1118 1374 1277 1463 :appellen
1310 1425 1312 1433 s

155 1470 226 1538 tur3
253 1456 400 1543 potam
442 1454 525 1518 enirn
561 1476 736 1539 apparens
769 1455 1005 1542 iuterpretatur.
1062 1458 1129 1532 Qui
1152 1460 1276 1547 quiden
1313 1497 1316 1520 1

114 1544 282 1610 infractus
302 1539 344 1607 ad
366 1540 576 1605 maturitatem
599 1540 648 1603 sui
677 1540 752 1604 solis
783 1539 947 1605 ardorem.
961 1554 1119 1629 quaerunt
1127 1566 1143 1623 3·
1161 1544 1230 1611 *sed
1248 1568 1277 1609 eo

156 1638 308 1714 accepto,
329 1625 546 1712 frequentibus
573 1634 613 1693 et·
627 1623 728 1689 nimiis
748 1624 900 1691 incendiis
922 1639 1178 1695 concremantur.
1222 1630 1277 1695 liln

156 1712 206 1779 ‘us
229 1732 356 1778 sorores
377 1709 533 1798 gemmeis
549 1709 649 1793 guttis
670 1709 858 1790 lucentibus,
878 1722 917 1777 ut
937 1711 1069 1779 Ovidius
1090 1713 1125 1777 in
1146 1714 1279 1781 secundo
1313 1757 1316 1776 .

151 1738 458 1899 illctarqorplqoseon
480 1794 595 1896 refert,
618 1793 760 1861 fraterna
776 1794 948 1897 'deplorant
967 1796 1139 1878 incendia,
1167 1800 1278 1867 sacim

115 1882 377 2037 nllblb'lll
391 1883 1097 2055 lllllll{llllbl‘llllmllltl‘
1116 1885 1279 2037 „lilla

7 2060 12 2071 '
157 2053 271 2143 procul
313 2052 410 2118 dubio
447 2052 579 2118 arbores
605 2072 733 2119 sorores
761 2063 853 2132 sunt,
896 2076 981 2141 quae
1013 2060 1085 2120 una'
1112 2053 1279 2143 eademqne

157 2139 292 2207 t'erroris
313 2136 516 2224 humorisque
543 2135 745 2227 jugabilitate
772 2138 962 2223 gignuntur.
1012 2140 1155 2207 Arbores
1186 2155 1279 2209 asten

25 2252 29 2259 ¹
156 2226 244 2304 illae,
265 2244 357 2310 qnae
393 2224 537 2289 sucinum
568 2220 700 2302 sudant,
737 2219 814 2289 dum
842 2234 982 2291 maturas
1010 2224 1131 2310 l'rugcs.
1153 2227 1206 2293 sol
1229 2238 1280 2293 tor-

160 2333 236 2377 rens
257 2309 352 2376 Junio
383 2307 533 2394 Julioque
568 2307 728 2373 mensibus
744 2307 975 2376 incendiosior
1002 2310 1168 2377 Cancrum
1199 2324 1282 2399 atquc

117 2397 307 2463 ”Leonem
337 2394 479 2479 attingit,
513 2404 590 2457 tunc
608 2404 698 2458 aestu
730 2392 832 2459 valido
862 2395 946 2462 fissis
976 2395 1151 2463 corticibus
1182 2408 1283 2463 sucu!

159 2505 250 2548 suum
272 2480 400 2568 liquoris
421 2482 455 2545 in
475 2477 619 2544 Eridano
650 2478 781 2543 flumine
809 2480 900 2567 aquis
926 2481 958 2545 in
989 2479 1145 2547 electrum
1175 2480 1283 2549 duran·

158 2568 234 2635 dum
258 2571 412 2633 emittunt.
467 2561 640 2629 Sciendum
672 2586 764 2644 vero,
796 2563 891 2653 juxta
919 2558 1056 2632 Plinium
1083 2566 1117 2631 in
1147 2565 1285 2635 Natural

158 2652 302 2719 Historia
321 2653 383 2718 tria
405 2671 476 2714 esse
497 2649 608 2715 electri
625 2666 765 2734 genera,
800 2672 897 2716 unum
920 2674 961 2717 cx
981 2651 1170 2733 arboribus,
1208 2650 1284 2755 quod

26 2760 31 2773 Χ
159 2740 305 2803 sucinum
333 2734 464 2815 dicitur;
501 2732 606 2812 aliud,
636 2731 722 2821 quod
743 2735 927 2804 naturaliter
945 2736 1123 2817 inveniturp
1152 2748 1285 2817 tertium,

117 2823 247 2909 acquod
269 2823 306 2887 lit
327 2821 369 2886 de
389 2821 489 2887 tribus
510 2818 651 2905 partibus
674 2818 743 2885 auri
764 2830 798 2886 et
820 2842 883 2887 una
904 2822 1048 2909 argentm
1068 2844 1151 2910 quas
1175 2834 1286 2911 partu,

159 2911 184 2974 si
206 2906 343 2974 resolvas
364 2927 520 2981 massam,
541 2903 688 2969 invenies.
729 2903 850 2972 Electri
871 2920 979 2973 autem
1000 2919 1116 2973 natrrra
1139 2910 1286 2995 probator

160 3015 299 3071 veneno,
321 3016 385 3080 quo
407 3002 556 3076 recepto,
575 3001 621 3055 et
648 2987 816 3055 stridorem
846 2993 959 3060 emittit
986 3003 1020 3059 et
1047 2992 1153 3059 varios
1182 2993 1286 3062 adsi·

159 3078 365 3145 militudinem
386 3075 530 3143 venenati
551 3072 658 3141 reddit
689 3075 822 3141 colores.
1115 3132 1120 3141 ,

244 3167 293 3230 15.
335 3162 536 3229 Medicorum
578 3160 732 3225 Phoebus
769 3182 833 3225 non
869 3160 1025 3229 immerito
1058 3159 1141 3229 deus
1179 3160 1287 3229 diem

106 3249 211 3317 asael
232 3248 320 3336 quod
338 3250 474 3324 herbae,
497 3245 609 3333 quibus
631 3246 751 3334 physici
773 3257 921 3320 utuntur,
940 3246 1014 3313 solis
1040 3245 1149 3312 calore
1169 3248 1286 3336 prodo·

160 3346 293 3414 cuntur,
325 3334 373 3399 rel
424 3330 488 3397 uod
520 3331 717 3418 ,praecipuae
748 3340 927 3418 temporum
962 3330 1172 3413 mutationes,
1219 3354 1287 3423 quar

160 3421 234 3489 solis
256 3442 368 3487 cursus
400 3357 557 3504 disponit,
595 3415 777 3489 humoribus
807 3416 1015 3518 aequalitates
1043 3427 1233 3505 apportant-
1249 3414 1287 3485 rel

160 3506 415 3593 inaequalitates,
456 3502 631 3589 err-quibus
659 3501 743 3567 salus
773 3501 1057 3590 aegritudinesque
1083 3514 1288 3589 generantur.

161 3592 258 3658 Unde
291 3594 386 3659 ctiam
422 3587 554 3655 Ovidius
589 3587 621 3655 iu
643 3589 743 3673 Primo
780 3586 1080 3676 Metamorphoseou
1122 3599 1288 3657 autum

121 3678 360 3766 toinacqnales,
388 3675 419 3740 id
442 3687 491 3741 est
512 3671 673 3739 morbidos
697 3684 805 3752 vocat3
835 3695 972 3760 quornm
994 3671 1142 3740 videlicet
1162 3675 1290 3763 singnis

164 3765 252 3830 annis
288 3785 404 3850 graves
440 3760 619 3846 experimur
661 3758 864 3845 pestilentias.
921 3758 1007 3825 Nam
1041 3770 1081 3825 ut
1121 3770 1290 3827 nummum

77 3868 80 3872 ·
164 3850 282 3915 morbis
300 3845 457 3922 abundet,
491 3844 618 3929 liigoris
640 3855 672 3910 et
692 3842 805 3909 caloris
820 3844 954 3910 confine
976 3843 1071 3925 lacit,
1109 3847 1290 3931 quodlicet

164 3937 404 4003 etiamrernum
435 3940 559 4017 tempus
591 3928 728 4004 habeat,
762 3931 891 3995 morbos
922 3942 1028 3996 tumen
1059 3927 1165 3998 minus
1199 3943 1291 4009 crea,

164 4024 238 4107 quia
269 4031 347 4085 tnnc
376 4036 512 4101 corpora
541 4013 741 4102 praecedenti
774 4013 889 4080 durata
921 4025 996 4081 sunt
1026 4014 1168 4099 frigore,
1217 4037 1292 4104 quae

123 4130 156 4179 45
165 4122 333 4172 autumnus
353 4101 544 4187 corrumpit,
566 4098 683 4165 laxiora
706 4099 866 4165 inveniens
888 4101 1017 4167 aestatis
1038 4099 1189 4166 calore..-
1212 4105 1291 4169 Hinc

164 4206 196 4259 et
218 4213 344 4269 omnes,
375 4203 410 4254 ut
431 4187 475 4253 ait
494 4186 639 4264 Servius,
674 4185 728 4272 qui
750 4194 838 4252 secto
860 4185 969 4253 matris
1000 4195 1093 4251 utero
1120 4208 1291 4273 procrean-
