<?xml version="1.0" encoding="UTF-8"?>
<!DOCTYPE html PUBLIC "-//W3C//DTD XHTML 1.0 Transitional//EN"
    "http://www.w3.org/TR/xhtml1/DTD/xhtml1-transitional.dtd">
<html xmlns="http://www.w3.org/1999/xhtml" xml:lang="en" lang="en">
 <head>
  <title>
</title>
<meta http-equiv="Content-Type" content="text/html;charset=utf-8" />
  <meta name='ocr-system' content='tesseract 3.04.00' />
  <meta name='ocr-capabilities' content='ocr_page ocr_carea ocr_par ocr_line ocrx_word'/>
</head>
<body>
  <div class='ocr_page' id='page_1' title='image "./scriptoresrereu01bodegoog_0271.png"; bbox 0 0 2632 4658; ppageno 0'>
   <div class='ocr_carea' id='block_1_1' title="bbox 18 40 1308 281">
    <p class='ocr_par' dir='ltr' id='par_1_1' title="bbox 18 40 1308 281">
     <span class='ocr_line' id='line_1_1' title="bbox 18 40 1308 281; baseline 0.002 -65"><span class='ocrx_word' id='word_1_1' title='bbox 18 162 20 167; x_wconf 75' lang='grc'>’</span> <span class='ocrx_word' id='word_1_2' title='bbox 108 80 213 217; x_wconf 32' lang='grc'><strong>1248</strong></span> <span class='ocrx_word' id='word_1_3' title='bbox 275 162 303 257; x_wconf 32' lang='lat'><strong>⁵,</strong></span> <span class='ocrx_word' id='word_1_4' title='bbox 397 115 681 239; x_wconf 51' lang='lat' dir='ltr'><strong>leboprdll.</strong></span> <span class='ocrx_word' id='word_1_5' title='bbox 736 72 999 219; x_wconf 46' lang='lat' dir='ltr'><strong>15.&#39;&#39;d·e-5·</strong></span> <span class='ocrx_word' id='word_1_6' title='bbox 1117 88 1192 117; x_wconf 23' lang='grc' dir='ltr'><strong>Ι.</strong></span> <span class='ocrx_word' id='word_1_7' title='bbox 1300 40 1308 281; x_wconf 69' lang='lat' dir='ltr'><strong>l</strong></span> 
     </span>
    </p>
   </div>
   <div class='ocr_carea' id='block_1_2' title="bbox 18 300 1308 3142">
    <p class='ocr_par' dir='ltr' id='par_1_2' title="bbox 18 300 1308 3142">
     <span class='ocr_line' id='line_1_2' title="bbox 132 300 1263 419; baseline -0.002 -32"><span class='ocrx_word' id='word_1_8' title='bbox 132 305 228 415; x_wconf 25' lang='lat' dir='ltr'><strong>nique*</strong></span> <span class='ocrx_word' id='word_1_9' title='bbox 247 329 281 389; x_wconf 89' lang='lat' dir='ltr'><strong>et</strong></span> <span class='ocrx_word' id='word_1_10' title='bbox 299 316 473 409; x_wconf 78' lang='lat' dir='ltr'><strong>Apollinem</strong></span> <span class='ocrx_word' id='word_1_11' title='bbox 492 314 733 419; x_wconf 68' lang='lat' dir='ltr'><strong>Hercule-que</strong></span> <span class='ocrx_word' id='word_1_12' title='bbox 753 314 918 405; x_wconf 85' lang='lat' dir='ltr'><strong>propitiat,</strong></span> <span class='ocrx_word' id='word_1_13' title='bbox 948 313 983 384; x_wconf 94' lang='lat' dir='ltr'><strong>ld</strong></span> <span class='ocrx_word' id='word_1_14' title='bbox 1006 325 1058 387; x_wconf 85' lang='lat' dir='ltr'><strong>est</strong></span> <span class='ocrx_word' id='word_1_15' title='bbox 1077 300 1263 406; x_wconf 75' lang='lat' dir='ltr'><strong>sapientiam</strong></span> 
     </span>
     <span class='ocr_line' id='line_1_3' title="bbox 133 401 1263 492; baseline -0.006 -17"><span class='ocrx_word' id='word_1_16' title='bbox 133 423 167 478; x_wconf 90' lang='lat' dir='ltr'><strong>et</strong></span> <span class='ocrx_word' id='word_1_17' title='bbox 188 408 345 475; x_wconf 87' lang='lat' dir='ltr'><strong>virtutem.</strong></span> <span class='ocrx_word' id='word_1_18' title='bbox 393 404 489 492; x_wconf 79' lang='lat' dir='ltr'><strong>Ergo</strong></span> <span class='ocrx_word' id='word_1_19' title='bbox 518 412 713 492; x_wconf 77' lang='lat' dir='ltr'><strong>praesumtio</strong></span> <span class='ocrx_word' id='word_1_20' title='bbox 734 414 838 469; x_wconf 88' lang='lat' dir='ltr'><strong>semet</strong></span> <span class='ocrx_word' id='word_1_21' title='bbox 863 401 966 492; x_wconf 89' lang='lat' dir='ltr'><strong>ipsam</strong></span> <span class='ocrx_word' id='word_1_22' title='bbox 987 402 1030 469; x_wconf 89' lang='lat' dir='ltr'><strong>ad</strong></span> <span class='ocrx_word' id='word_1_23' title='bbox 1050 414 1189 472; x_wconf 75' lang='lat' dir='ltr'><strong>mort·-</strong></span> <span class='ocrx_word' id='word_1_24' title='bbox 1206 423 1263 491; x_wconf 88' lang='lat' dir='ltr'><strong>pro</strong></span> 
     </span>
     <span class='ocr_line' id='line_1_4' title="bbox 134 486 1263 582; baseline -0.008 -21"><span class='ocrx_word' id='word_1_25' title='bbox 134 494 238 561; x_wconf 90' lang='lat' dir='ltr'><strong>anima</strong></span> <span class='ocrx_word' id='word_1_26' title='bbox 259 490 368 582; x_wconf 87' lang='lat' dir='ltr'><strong>objicit</strong></span> <span class='ocrx_word' id='word_1_27' title='bbox 398 502 433 557; x_wconf 92' lang='lat' dir='ltr'><strong>ut</strong></span> <span class='ocrx_word' id='word_1_28' title='bbox 453 487 598 570; x_wconf 82' lang='lat' dir='ltr'><strong>Alceste3</strong></span> <span class='ocrx_word' id='word_1_29' title='bbox 628 486 662 554; x_wconf 90' lang='lat' dir='ltr'><strong>id</strong></span> <span class='ocrx_word' id='word_1_30' title='bbox 684 498 744 567; x_wconf 88' lang='lat' dir='ltr'><strong>est,</strong></span> <span class='ocrx_word' id='word_1_31' title='bbox 777 487 960 559; x_wconf 73' lang='lat' dir='ltr'><strong>animositas</strong></span> <span class='ocrx_word' id='word_1_32' title='bbox 983 509 1042 577; x_wconf 84' lang='lat' dir='ltr'><strong>pro</strong></span> <span class='ocrx_word' id='word_1_33' title='bbox 1057 486 1263 564; x_wconf 74' lang='lat' dir='ltr'><strong>¹defendendo</strong></span> 
     </span>
     <span class='ocr_line' id='line_1_5' title="bbox 66 571 1271 666; baseline -0.005 -21"><span class='ocrx_word' id='word_1_34' title='bbox 66 611 73 627; x_wconf 70' lang='lat'>=</span> <span class='ocrx_word' id='word_1_35' title='bbox 135 581 245 666; x_wconf 88' lang='lat' dir='ltr'><strong>vigore</strong></span> <span class='ocrx_word' id='word_1_36' title='bbox 285 578 389 643; x_wconf 88' lang='lat' dir='ltr'><strong>nimae</strong></span> <span class='ocrx_word' id='word_1_37' title='bbox 410 572 548 664; x_wconf 90' lang='lat' dir='ltr'><strong>pericula</strong></span> <span class='ocrx_word' id='word_1_38' title='bbox 568 572 701 640; x_wconf 75' lang='lat' dir='ltr'>libenter</span> <span class='ocrx_word' id='word_1_39' title='bbox 720 571 871 655; x_wconf 80' lang='lat' dir='ltr'><strong>incurrlt3</strong></span> <span class='ocrx_word' id='word_1_40' title='bbox 892 596 988 663; x_wconf 84' lang='lat' dir='ltr'><strong>quam</strong></span> <span class='ocrx_word' id='word_1_41' title='bbox 1001 580 1134 655; x_wconf 75' lang='lat' dir='ltr'><strong>tumen,</strong></span> <span class='ocrx_word' id='word_1_42' title='bbox 1155 594 1271 663; x_wconf 87' lang='lat' dir='ltr'><strong>quam·-</strong></span> 
     </span>
     <span class='ocr_line' id='line_1_6' title="bbox 18 600 1262 751; baseline 0.002 -26"><span class='ocrx_word' id='word_1_43' title='bbox 18 712 21 717; x_wconf 92' lang='lat'>.</span> <span class='ocrx_word' id='word_1_44' title='bbox 109 600 391 751; x_wconf 64' lang='lat' dir='ltr'><strong>aristodimus</strong></span> <span class='ocrx_word' id='word_1_45' title='bbox 413 659 522 727; x_wconf 89' lang='lat' dir='ltr'><strong>mortis</strong></span> <span class='ocrx_word' id='word_1_46' title='bbox 543 656 765 742; x_wconf 88' lang='lat' dir='ltr'><strong>deficientem,</strong></span> <span class='ocrx_word' id='word_1_47' title='bbox 801 658 898 728; x_wconf 88' lang='lat' dir='ltr'><strong>virtus</strong></span> <span class='ocrx_word' id='word_1_48' title='bbox 919 658 963 726; x_wconf 89' lang='lat' dir='ltr'><strong>de</strong></span> <span class='ocrx_word' id='word_1_49' title='bbox 991 657 1101 735; x_wconf 81' lang='lat' dir='ltr'><strong>inferis</strong></span> <span class='ocrx_word' id='word_1_50' title='bbox 1121 668 1262 741; x_wconf 81' lang='lat' dir='ltr'><strong>revocat,</strong></span> 
     </span>
     <span class='ocr_line' id='line_1_7' title="bbox 133 743 952 818; baseline -0.01 -2"><span class='ocrx_word' id='word_1_51' title='bbox 133 762 169 818; x_wconf 90' lang='lat' dir='ltr'><strong>ut</strong></span> <span class='ocrx_word' id='word_1_52' title='bbox 190 748 336 815; x_wconf 79' lang='lat' dir='ltr'><strong>Alcesten</strong></span> <span class='ocrx_word' id='word_1_53' title='bbox 357 743 525 813; x_wconf 85' lang='lat' dir='ltr'><strong>Hercules.</strong></span> <span class='ocrx_word' id='word_1_54' title='bbox 617 776 621 785; x_wconf 94' lang='lat'>·</span> <span class='ocrx_word' id='word_1_55' title='bbox 948 766 952 775; x_wconf 62' lang='lat'><strong>¹</strong></span> 
     </span>
     <span class='ocr_line' id='line_1_8' title="bbox 216 826 1263 920; baseline 0.003 -22"><span class='ocrx_word' id='word_1_56' title='bbox 216 835 247 917; x_wconf 76' lang='grc'><strong>4.</strong></span> <span class='ocrx_word' id='word_1_57' title='bbox 287 831 446 920; x_wconf 84' lang='lat' dir='ltr'><strong>Denique,</strong></span> <span class='ocrx_word' id='word_1_58' title='bbox 468 842 505 897; x_wconf 91' lang='lat' dir='ltr'><strong>ut</strong></span> <span class='ocrx_word' id='word_1_59' title='bbox 525 828 574 897; x_wconf 86' lang='lat' dir='ltr'><strong>ait</strong></span> <span class='ocrx_word' id='word_1_60' title='bbox 590 827 731 909; x_wconf 77' lang='lat' dir='ltr'><strong>Servius,</strong></span> <span class='ocrx_word' id='word_1_61' title='bbox 753 827 912 897; x_wconf 89' lang='lat' dir='ltr'><strong>Hercules</strong></span> <span class='ocrx_word' id='word_1_62' title='bbox 933 826 1020 918; x_wconf 86' lang='lat' dir='ltr'><strong>apud</strong></span> <span class='ocrx_word' id='word_1_63' title='bbox 1066 826 1263 901; x_wconf 78' lang='lat' dir='ltr'><strong>rudentidret</strong></span> 
     </span>
     <span class='ocr_line' id='line_1_9' title="bbox 134 850 1262 1005; baseline -0.004 -20"><span class='ocrx_word' id='word_1_64' title='bbox 134 919 239 986; x_wconf 85' lang='lat' dir='ltr'><strong>mente</strong></span> <span class='ocrx_word' id='word_1_65' title='bbox 267 917 369 1005; x_wconf 85' lang='lat' dir='ltr'><strong>magis</strong></span> <span class='ocrx_word' id='word_1_66' title='bbox 419 938 493 985; x_wconf 90' lang='lat' dir='ltr'><strong>uam</strong></span> <span class='ocrx_word' id='word_1_67' title='bbox 521 935 658 1002; x_wconf 85' lang='lat' dir='ltr'><strong>corpore</strong></span> <span class='ocrx_word' id='word_1_68' title='bbox 686 913 775 983; x_wconf 75' lang='lat' dir='ltr'><strong>sortis</strong></span> <span class='ocrx_word' id='word_1_69' title='bbox 804 913 985 996; x_wconf 72' lang='lat' dir='ltr'><strong>inducitur,</strong></span> <span class='ocrx_word' id='word_1_70' title='bbox 1019 850 1104 1001; x_wconf 75' lang='lat' dir='ltr'><strong>adeo</strong></span> <span class='ocrx_word' id='word_1_71' title='bbox 1137 925 1177 983; x_wconf 91' lang='lat' dir='ltr'><strong>ut</strong></span> <span class='ocrx_word' id='word_1_72' title='bbox 1204 908 1262 981; x_wconf 84' lang='grc' dir='ltr'><strong>ΧΠ</strong></span> 
     </span>
     <span class='ocr_line' id='line_1_10' title="bbox 95 941 1263 1156; baseline -0.004 -1"><span class='ocrx_word' id='word_1_73' title='bbox 95 941 1009 1156; x_wconf 53' lang='lat' dir='ltr'><strong>,,attelani,transmeantem</strong></span> <span class='ocrx_word' id='word_1_74' title='bbox 1027 999 1263 1154; x_wconf 57' lang='lat' dir='ltr'><strong>,avara</strong></span> 
     </span>
     <span class='ocr_line' id='line_1_11' title="bbox 135 1108 1263 1263; baseline -0.006 -21"><span class='ocrx_word' id='word_1_75' title='bbox 135 1138 266 1263; x_wconf 43' lang='lat' dir='ltr'><strong>signa,</strong></span> <span class='ocrx_word' id='word_1_76' title='bbox 293 1173 413 1241; x_wconf 82' lang='lat' dir='ltr'><strong>Docuit</strong></span> <span class='ocrx_word' id='word_1_77' title='bbox 441 1170 525 1239; x_wconf 90' lang='lat' dir='ltr'><strong>enim</strong></span> <span class='ocrx_word' id='word_1_78' title='bbox 555 1170 641 1239; x_wconf 81' lang='lat' dir='ltr'><strong>Atlas</strong></span> <span class='ocrx_word' id='word_1_79' title='bbox 677 1108 850 1240; x_wconf 60' lang='lat' dir='ltr'><strong>Heredem</strong></span> <span class='ocrx_word' id='word_1_80' title='bbox 888 1109 1123 1255; x_wconf 65' lang='lat' dir='ltr'><strong>astiondlntsm.</strong></span> <span class='ocrx_word' id='word_1_81' title='bbox 1175 1168 1263 1237; x_wconf 88' lang='lat' dir='ltr'><strong>Unde</strong></span> 
     </span>
     <span class='ocr_line' id='line_1_12' title="bbox 137 1255 1263 1348; baseline -0.004 -21"><span class='ocrx_word' id='word_1_82' title='bbox 137 1273 171 1329; x_wconf 93' lang='lat' dir='ltr'><strong>et</strong></span> <span class='ocrx_word' id='word_1_83' title='bbox 189 1258 323 1348; x_wconf 89' lang='lat' dir='ltr'><strong>tingitur</strong></span> <span class='ocrx_word' id='word_1_84' title='bbox 337 1256 494 1325; x_wconf 84' lang='lat' dir='ltr'><strong>Hercules</strong></span> <span class='ocrx_word' id='word_1_85' title='bbox 512 1255 640 1323; x_wconf 81' lang='lat' dir='ltr'><strong>‘caelum</strong></span> <span class='ocrx_word' id='word_1_86' title='bbox 662 1257 848 1325; x_wconf 78' lang='lat' dir='ltr'><strong>sustinuisse</strong></span> <span class='ocrx_word' id='word_1_87' title='bbox 871 1258 912 1324; x_wconf 90' lang='lat' dir='ltr'><strong>ab</strong></span> <span class='ocrx_word' id='word_1_88' title='bbox 934 1257 1057 1327; x_wconf 81' lang='lat' dir='ltr'><strong>Atlante</strong></span> <span class='ocrx_word' id='word_1_89' title='bbox 1071 1266 1263 1345; x_wconf 87' lang='lat' dir='ltr'><strong>susceptum,</strong></span> 
     </span>
     <span class='ocr_line' id='line_1_13' title="bbox 1164 1341 1265 1494; baseline -0.005 -0.463"><span class='ocrx_word' id='word_1_90' title='bbox 1164 1341 1265 1494; x_wconf 74' lang='lat' dir='ltr'><strong>aa</strong></span> 
     </span>
     <span class='ocr_line' id='line_1_14' title="bbox 96 1450 1264 1609; baseline -0.008 -21"><span class='ocrx_word' id='word_1_91' title='bbox 96 1540 129 1588; x_wconf 81' lang='lat' dir='ltr'><strong>ro</strong></span> <span class='ocrx_word' id='word_1_92' title='bbox 137 1455 279 1583; x_wconf 67' lang='lat' dir='ltr'><strong>mninstro</strong></span> <span class='ocrx_word' id='word_1_93' title='bbox 300 1515 351 1582; x_wconf 92' lang='lat' dir='ltr'><strong>illa</strong></span> <span class='ocrx_word' id='word_1_94' title='bbox 373 1452 485 1580; x_wconf 62' lang='lat' dir='ltr'><strong>vicisde</strong></span> <span class='ocrx_word' id='word_1_95' title='bbox 505 1450 640 1579; x_wconf 76' lang='lat' dir='ltr'><strong>diculus.</strong></span> <span class='ocrx_word' id='word_1_96' title='bbox 682 1478 778 1581; x_wconf 61' lang='lat' dir='ltr'><strong>’Nam</strong></span> <span class='ocrx_word' id='word_1_97' title='bbox 805 1512 894 1604; x_wconf 82' lang='lat' dir='ltr'><strong>quod</strong></span> <span class='ocrx_word' id='word_1_98' title='bbox 921 1477 1056 1583; x_wconf 73' lang='lat' dir='ltr'><strong>traxissd</strong></span> <span class='ocrx_word' id='word_1_99' title='bbox 1087 1515 1128 1580; x_wconf 92' lang='lat' dir='ltr'><strong>ab</strong></span> <span class='ocrx_word' id='word_1_100' title='bbox 1147 1511 1264 1609; x_wconf 76' lang='lat' dir='ltr'><strong>&#39;inieris</strong></span> 
     </span>
     <span class='ocr_line' id='line_1_15' title="bbox 137 1597 1289 1751; baseline -0.005 -82"><span class='ocrx_word' id='word_1_101' title='bbox 137 1602 314 1669; x_wconf 79' lang='lat' dir='ltr'>Cerberum</span> <span class='ocrx_word' id='word_1_102' title='bbox 338 1598 470 1680; x_wconf 85' lang='lat' dir='ltr'><strong>dieitur,</strong></span> <span class='ocrx_word' id='word_1_103' title='bbox 502 1597 586 1664; x_wconf 86' lang='lat' dir='ltr'><strong>baec</strong></span> <span class='ocrx_word' id='word_1_104' title='bbox 614 1597 696 1665; x_wconf 88' lang='lat' dir='ltr'><strong>ratio</strong></span> <span class='ocrx_word' id='word_1_105' title='bbox 716 1610 785 1679; x_wconf 90' lang='lat' dir='ltr'><strong>est,</strong></span> <span class='ocrx_word' id='word_1_106' title='bbox 812 1597 903 1751; x_wconf 68' lang='lat' dir='ltr'><strong>puod</strong></span> <span class='ocrx_word' id='word_1_107' title='bbox 939 1621 1049 1668; x_wconf 90' lang='lat' dir='ltr'><strong>omnes</strong></span> <span class='ocrx_word' id='word_1_108' title='bbox 1080 1622 1120 1667; x_wconf 89' lang='lat' dir='ltr'><strong>cu</strong></span> <span class='ocrx_word' id='word_1_109' title='bbox 1142 1598 1289 1677; x_wconf 82' lang='lat' dir='ltr'><strong>iditates·</strong></span> 
     </span>
     <span class='ocr_line' id='line_1_16' title="bbox 56 1682 1268 1773; baseline -0.005 -20"><span class='ocrx_word' id='word_1_110' title='bbox 56 1711 86 1773; x_wconf 35' lang='lat' dir='ltr'><strong>,a</strong></span> <span class='ocrx_word' id='word_1_111' title='bbox 137 1699 170 1755; x_wconf 89' lang='lat' dir='ltr'><strong>et</strong></span> <span class='ocrx_word' id='word_1_112' title='bbox 191 1697 307 1755; x_wconf 88' lang='lat' dir='ltr'><strong>cuncta</strong></span> <span class='ocrx_word' id='word_1_113' title='bbox 327 1685 401 1752; x_wconf 83' lang='lat' dir='ltr'><strong>vitia</strong></span> <span class='ocrx_word' id='word_1_114' title='bbox 421 1682 738 1753; x_wconf 71' lang='lat' dir='ltr'><strong>terrena¹ooutemsit</strong></span> <span class='ocrx_word' id='word_1_115' title='bbox 758 1697 791 1751; x_wconf 90' lang='lat' dir='ltr'><strong>et</strong></span> <span class='ocrx_word' id='word_1_116' title='bbox 836 1685 944 1754; x_wconf 83' lang='lat' dir='ltr'><strong>omuit</strong></span> <span class='ocrx_word' id='word_1_117' title='bbox 999 1686 1086 1752; x_wconf 89' lang='lat' dir='ltr'><strong>Nam</strong></span> <span class='ocrx_word' id='word_1_118' title='bbox 1139 1685 1268 1749; x_wconf 88' lang='lat' dir='ltr'><strong>erberus</strong></span> 
     </span>
     <span class='ocr_line' id='line_1_17' title="bbox 137 1767 1267 1861; baseline -0.006 -20"><span class='ocrx_word' id='word_1_119' title='bbox 137 1784 224 1841; x_wconf 87' lang='lat' dir='ltr'><strong>terra</strong></span> <span class='ocrx_word' id='word_1_120' title='bbox 245 1782 315 1852; x_wconf 86' lang='lat' dir='ltr'><strong>est,</strong></span> <span class='ocrx_word' id='word_1_121' title='bbox 333 1768 378 1837; x_wconf 65' lang='lat' dir='ltr'><strong>‘id</strong></span> <span class='ocrx_word' id='word_1_122' title='bbox 401 1780 461 1838; x_wconf 84' lang='lat' dir='ltr'><strong>est</strong></span> <span class='ocrx_word' id='word_1_123' title='bbox 478 1767 673 1836; x_wconf 82' lang='lat' dir='ltr'><strong>consumtrix</strong></span> <span class='ocrx_word' id='word_1_124' title='bbox 702 1769 843 1857; x_wconf 85' lang='lat' dir='ltr'><strong>omnium</strong></span> <span class='ocrx_word' id='word_1_125' title='bbox 871 1792 1052 1861; x_wconf 87' lang='lat' dir='ltr'><strong>corporum.</strong></span> <span class='ocrx_word' id='word_1_126' title='bbox 1113 1767 1212 1836; x_wconf 88' lang='lat' dir='ltr'><strong>Unde</strong></span> <span class='ocrx_word' id='word_1_127' title='bbox 1236 1778 1267 1835; x_wconf 86' lang='lat' dir='ltr'><strong>et</strong></span> 
     </span>
     <span class='ocr_line' id='line_1_18' title="bbox 138 1848 1308 1957; baseline -0.005 -32"><span class='ocrx_word' id='word_1_128' title='bbox 138 1857 309 1925; x_wconf 81' lang='lat' dir='ltr'><strong>Cerberus·</strong></span> <span class='ocrx_word' id='word_1_129' title='bbox 324 1853 428 1924; x_wconf 83' lang='lat' dir='ltr'><strong>dictus</strong></span> <span class='ocrx_word' id='word_1_130' title='bbox 451 1865 501 1921; x_wconf 88' lang='lat' dir='ltr'><strong>est</strong></span> <span class='ocrx_word' id='word_1_131' title='bbox 522 1853 614 1957; x_wconf 79' lang='lat' dir='ltr'><strong>quasi</strong></span> <span class='ocrx_word' id='word_1_132' title='bbox 649 1848 830 1944; x_wconf 75' lang='grc' dir='ltr'><strong><em>κρεοβόρος</em></strong></span> <span class='ocrx_word' id='word_1_133' title='bbox 857 1878 979 1922; x_wconf 82' lang='lat' dir='ltr'><strong>carnea</strong></span> <span class='ocrx_word' id='word_1_134' title='bbox 1001 1875 1138 1921; x_wconf 82' lang='lat' dir='ltr'><strong>vorans.</strong></span> <span class='ocrx_word' id='word_1_135' title='bbox 1179 1853 1267 1921; x_wconf 75' lang='lat' dir='ltr'><strong>Iden</strong></span> <span class='ocrx_word' id='word_1_136' title='bbox 1306 1880 1308 1891; x_wconf 92' lang='lat'>·</span> 
     </span>
     <span class='ocr_line' id='line_1_19' title="bbox 96 1936 1269 2030; baseline 0 -25"><span class='ocrx_word' id='word_1_137' title='bbox 96 1958 132 2005; x_wconf 82' lang='lat' dir='ltr'><strong>ao</strong></span> <span class='ocrx_word' id='word_1_138' title='bbox 140 1956 173 2010; x_wconf 89' lang='lat' dir='ltr'><strong>et</strong></span> <span class='ocrx_word' id='word_1_139' title='bbox 194 1942 215 2010; x_wconf 90' lang='lat' dir='ltr'><strong>b</strong></span> <span class='ocrx_word' id='word_1_140' title='bbox 238 1942 329 2010; x_wconf 91' lang='lat' dir='ltr'><strong>dram</strong></span> <span class='ocrx_word' id='word_1_141' title='bbox 350 1941 515 2011; x_wconf 88' lang='lat' dir='ltr'><strong>exustione</strong></span> <span class='ocrx_word' id='word_1_142' title='bbox 536 1938 703 2007; x_wconf 83' lang='lat' dir='ltr'><strong>mteriecit</strong></span> <span class='ocrx_word' id='word_1_143' title='bbox 746 1941 824 2009; x_wconf 83' lang='lat' dir='ltr'><strong>Fuit</strong></span> <span class='ocrx_word' id='word_1_144' title='bbox 844 1952 951 2008; x_wconf 90' lang='lat' dir='ltr'><strong>antem</strong></span> <span class='ocrx_word' id='word_1_145' title='bbox 971 1938 1074 2030; x_wconf 85' lang='lat' dir='ltr'><strong>hydra</strong></span> <span class='ocrx_word' id='word_1_146' title='bbox 1094 1936 1269 2023; x_wconf 78' lang='lat' dir='ltr'><strong>secuudum</strong></span> 
     </span>
     <span class='ocr_line' id='line_1_20' title="bbox 138 1967 1308 2121; baseline -0.003 -27"><span class='ocrx_word' id='word_1_147' title='bbox 138 1967 278 2095; x_wconf 80' lang='lat' dir='ltr'><strong>subulam</strong></span> <span class='ocrx_word' id='word_1_148' title='bbox 299 2048 432 2116; x_wconf 83' lang='lat' dir='ltr'><strong>serpens</strong></span> <span class='ocrx_word' id='word_1_149' title='bbox 452 2026 484 2093; x_wconf 93' lang='lat' dir='ltr'><strong>in</strong></span> <span class='ocrx_word' id='word_1_150' title='bbox 502 2026 628 2101; x_wconf 79' lang='lat' dir='ltr'><strong>Lerna,</strong></span> <span class='ocrx_word' id='word_1_151' title='bbox 649 2025 839 2114; x_wconf 86' lang='lat' dir='ltr'><strong>Argivorum</strong></span> <span class='ocrx_word' id='word_1_152' title='bbox 860 2026 988 2116; x_wconf 90' lang='lat' dir='ltr'><strong>palude,</strong></span> <span class='ocrx_word' id='word_1_153' title='bbox 1010 2025 1062 2091; x_wconf 90' lang='lat' dir='ltr'><strong>cui</strong></span> <span class='ocrx_word' id='word_1_154' title='bbox 1088 2047 1153 2091; x_wconf 92' lang='lat' dir='ltr'><strong>uno</strong></span> <span class='ocrx_word' id='word_1_155' title='bbox 1177 2045 1269 2091; x_wconf 86' lang='lat' dir='ltr'><strong>caeso</strong></span> <span class='ocrx_word' id='word_1_156' title='bbox 1306 2116 1308 2121; x_wconf 16' lang='grc' dir='ltr'><strong><em>Δ</em></strong></span> 
     </span>
     <span class='ocr_line' id='line_1_21' title="bbox 139 2109 1308 2265; baseline -0.006 -84"><span class='ocrx_word' id='word_1_157' title='bbox 139 2114 244 2265; x_wconf 53' lang='lat' dir='ltr'><strong>{ipim</strong></span> <span class='ocrx_word' id='word_1_158' title='bbox 264 2113 324 2264; x_wconf 56' lang='lat' dir='ltr'><strong>trpp</strong></span> <span class='ocrx_word' id='word_1_159' title='bbox 346 2135 384 2178; x_wconf 88' lang='lat' dir='ltr'><strong>ca</strong></span> <span class='ocrx_word' id='word_1_160' title='bbox 407 2113 452 2262; x_wconf 60' lang='lat' dir='ltr'><strong>ipio</strong></span> <span class='ocrx_word' id='word_1_161' title='bbox 472 2110 721 2264; x_wconf 54' lang='lat' dir='ltr'><strong>exertestceantd</strong></span> <span class='ocrx_word' id='word_1_162' title='bbox 766 2111 863 2264; x_wconf 65' lang='lat' dir='ltr'><strong>Uuple</strong></span> <span class='ocrx_word' id='word_1_163' title='bbox 894 2124 936 2193; x_wconf 63' lang='lat' dir='ltr'><strong>et,</strong></span> <span class='ocrx_word' id='word_1_164' title='bbox 956 2120 1089 2262; x_wconf 65' lang='lat' dir='ltr'><strong>pucetra</strong></span> <span class='ocrx_word' id='word_1_165' title='bbox 1108 2132 1128 2177; x_wconf 92' lang='lat' dir='ltr'><strong>a</strong></span> <span class='ocrx_word' id='word_1_166' title='bbox 1150 2109 1270 2263; x_wconf 51' lang='lat' dir='ltr'><strong>Leptinis</strong></span> <span class='ocrx_word' id='word_1_167' title='bbox 1306 2168 1308 2173; x_wconf 85' lang='lat'><em>.</em></span> 
     </span>
     <span class='ocr_line' id='line_1_22' title="bbox 162 2218 1308 2276; baseline 0 -13"><span class='ocrx_word' id='word_1_168' title='bbox 162 2221 226 2266; x_wconf 86' lang='lat' dir='ltr'><strong>rea</strong></span> <span class='ocrx_word' id='word_1_169' title='bbox 258 2220 293 2265; x_wconf 89' lang='lat' dir='ltr'><strong>es</strong></span> <span class='ocrx_word' id='word_1_170' title='bbox 396 2221 415 2263; x_wconf 87' lang='lat' dir='ltr'><strong>e</strong></span> <span class='ocrx_word' id='word_1_171' title='bbox 467 2219 580 2264; x_wconf 85' lang='lat' dir='ltr'><strong>consa</strong></span> <span class='ocrx_word' id='word_1_172' title='bbox 723 2219 792 2265; x_wconf 89' lang='lat' dir='ltr'><strong>ram</strong></span> <span class='ocrx_word' id='word_1_173' title='bbox 832 2218 927 2265; x_wconf 91' lang='lat' dir='ltr'><strong>ocum</strong></span> <span class='ocrx_word' id='word_1_174' title='bbox 970 2219 1054 2262; x_wconf 83' lang='lat' dir='ltr'><strong>unsre</strong></span> <span class='ocrx_word' id='word_1_175' title='bbox 1074 2218 1167 2262; x_wconf 84' lang='lat' dir='ltr'><strong>evom</strong></span> <span class='ocrx_word' id='word_1_176' title='bbox 1224 2218 1308 2276; x_wconf 73' lang='lat' dir='ltr'><strong>em,</strong></span> 
     </span>
     <span class='ocr_line' id='line_1_23' title="bbox 37 2221 1308 2373; baseline -0.002 -23"><span class='ocrx_word' id='word_1_177' title='bbox 37 2292 40 2297; x_wconf 87' lang='lat'>&#39;</span> <span class='ocrx_word' id='word_1_178' title='bbox 140 2306 255 2373; x_wconf 82' lang='lat' dir='ltr'><strong>aquas,</strong></span> <span class='ocrx_word' id='word_1_179' title='bbox 271 2280 403 2369; x_wconf 86' lang='lat' dir='ltr'><strong>vicinam</strong></span> <span class='ocrx_word' id='word_1_180' title='bbox 426 2292 585 2350; x_wconf 77' lang='lat' dir='ltr'><strong>vastantes</strong></span> <span class='ocrx_word' id='word_1_181' title='bbox 599 2221 775 2365; x_wconf 61' lang='lat' dir='ltr'><strong>&#39;civitltem</strong></span> <span class='ocrx_word' id='word_1_182' title='bbox 793 2282 825 2350; x_wconf 93' lang='lat' dir='ltr'><strong>in</strong></span> <span class='ocrx_word' id='word_1_183' title='bbox 847 2306 922 2372; x_wconf 87' lang='lat' dir='ltr'><strong>quo,</strong></span> <span class='ocrx_word' id='word_1_184' title='bbox 941 2304 1005 2365; x_wconf 84' lang='lat' dir='ltr'><strong>uuo</strong></span> <span class='ocrx_word' id='word_1_185' title='bbox 1024 2290 1131 2352; x_wconf 84' lang='lat' dir='ltr'><strong>meatu</strong></span> <span class='ocrx_word' id='word_1_186' title='bbox 1153 2282 1272 2363; x_wconf 89' lang='lat' dir='ltr'><strong>clauso,</strong></span> <span class='ocrx_word' id='word_1_187' title='bbox 1306 2320 1308 2327; x_wconf 94' lang='lat'>·</span> 
     </span>
     <span class='ocr_line' id='line_1_24' title="bbox 98 2365 1272 2456; baseline -0.001 -22"><span class='ocrx_word' id='word_1_188' title='bbox 98 2369 242 2441; x_wconf 79' lang='lat' dir='ltr'><strong>aemulti&#39;</strong></span> <span class='ocrx_word' id='word_1_189' title='bbox 259 2370 476 2456; x_wconf 81' lang='lat' dir='ltr'><strong>erumpebant.</strong></span> <span class='ocrx_word' id='word_1_190' title='bbox 520 2365 637 2445; x_wconf 16' lang='lat' dir='ltr'><strong>,Quod</strong></span> <span class='ocrx_word' id='word_1_191' title='bbox 667 2367 828 2436; x_wconf 86' lang='lat' dir='ltr'><strong>Hercules</strong></span> <span class='ocrx_word' id='word_1_192' title='bbox 857 2367 984 2450; x_wconf 88' lang='lat' dir='ltr'><strong>videns,</strong></span> <span class='ocrx_word' id='word_1_193' title='bbox 1017 2366 1089 2435; x_wconf 89' lang='lat' dir='ltr'><strong>loca</strong></span> <span class='ocrx_word' id='word_1_194' title='bbox 1115 2366 1272 2436; x_wconf 89' lang='lat' dir='ltr'><strong>multaiu</strong></span> 
     </span>
     <span class='ocr_line' id='line_1_25' title="bbox 141 2451 1308 2543; baseline -0.004 -23"><span class='ocrx_word' id='word_1_195' title='bbox 141 2453 275 2521; x_wconf 90' lang='lat' dir='ltr'><strong>circuitu</strong></span> <span class='ocrx_word' id='word_1_196' title='bbox 298 2453 433 2534; x_wconf 83' lang='lat' dir='ltr'><strong>exussit,</strong></span> <span class='ocrx_word' id='word_1_197' title='bbox 468 2465 502 2521; x_wconf 90' lang='lat' dir='ltr'><strong>et</strong></span> <span class='ocrx_word' id='word_1_198' title='bbox 522 2452 569 2519; x_wconf 90' lang='lat' dir='ltr'><strong>sic</strong></span> <span class='ocrx_word' id='word_1_199' title='bbox 589 2473 695 2542; x_wconf 88' lang='lat' dir='ltr'><strong>aquae</strong></span> <span class='ocrx_word' id='word_1_200' title='bbox 716 2453 828 2523; x_wconf 86' lang='lat' dir='ltr'><strong>clausit</strong></span> <span class='ocrx_word' id='word_1_201' title='bbox 849 2464 985 2521; x_wconf 87' lang='lat' dir='ltr'><strong>meatus.</strong></span> <span class='ocrx_word' id='word_1_202' title='bbox 1035 2451 1120 2521; x_wconf 90' lang='lat' dir='ltr'><strong>Nam</strong></span> <span class='ocrx_word' id='word_1_203' title='bbox 1157 2451 1274 2543; x_wconf 80' lang='lat' dir='ltr'><strong>Hydra</strong></span> <span class='ocrx_word' id='word_1_204' title='bbox 1306 2502 1308 2515; x_wconf 92' lang='lat'><em>.</em></span> 
     </span>
     <span class='ocr_line' id='line_1_26' title="bbox 140 2518 1308 2629; baseline -0.001 -23"><span class='ocrx_word' id='word_1_205' title='bbox 140 2542 182 2606; x_wconf 85' lang='lat' dir='ltr'><strong>ab</strong></span> <span class='ocrx_word' id='word_1_206' title='bbox 203 2538 307 2628; x_wconf 73' lang='grc' dir='ltr'><strong><em>ὕδωρ,</em></strong></span> <span class='ocrx_word' id='word_1_207' title='bbox 325 2536 359 2604; x_wconf 89' lang='lat' dir='ltr'><strong>id</strong></span> <span class='ocrx_word' id='word_1_208' title='bbox 380 2549 429 2605; x_wconf 86' lang='lat' dir='ltr'><strong>est</strong></span> <span class='ocrx_word' id='word_1_209' title='bbox 448 2561 558 2629; x_wconf 85' lang='lat' dir='ltr'><strong>aqna,</strong></span> <span class='ocrx_word' id='word_1_210' title='bbox 587 2536 674 2606; x_wconf 90' lang='lat' dir='ltr'><strong>dicta</strong></span> <span class='ocrx_word' id='word_1_211' title='bbox 694 2552 753 2610; x_wconf 81' lang='lat' dir='ltr'><strong>est</strong></span> <span class='ocrx_word' id='word_1_212' title='bbox 795 2539 948 2609; x_wconf 85' lang='lat' dir='ltr'><strong>Potuisse</strong></span> <span class='ocrx_word' id='word_1_213' title='bbox 968 2547 1078 2608; x_wconf 89' lang='lat' dir='ltr'><strong>autem</strong></span> <span class='ocrx_word' id='word_1_214' title='bbox 1096 2539 1162 2606; x_wconf 89' lang='lat' dir='ltr'><strong>hoe</strong></span> <span class='ocrx_word' id='word_1_215' title='bbox 1194 2538 1274 2622; x_wconf 86' lang='lat' dir='ltr'><strong>fieri,</strong></span> <span class='ocrx_word' id='word_1_216' title='bbox 1297 2518 1308 2619; x_wconf 53' lang='lat'><strong>,¹</strong></span> 
     </span>
     <span class='ocr_line' id='line_1_27' title="bbox 141 2620 1226 2713; baseline -0.003 -20"><span class='ocrx_word' id='word_1_217' title='bbox 141 2625 292 2713; x_wconf 80' lang='lat' dir='ltr'><strong>Virgilius</strong></span> <span class='ocrx_word' id='word_1_218' title='bbox 314 2623 450 2702; x_wconf 90' lang='lat' dir='ltr'><strong>indicat,</strong></span> <span class='ocrx_word' id='word_1_219' title='bbox 482 2623 538 2690; x_wconf 92' lang='lat' dir='ltr'><strong>ubi</strong></span> <span class='ocrx_word' id='word_1_220' title='bbox 559 2620 653 2691; x_wconf 82' lang='lat' dir='ltr'><strong>dicit:</strong></span> <span class='ocrx_word' id='word_1_221' title='bbox 732 2700 735 2707; x_wconf 50' lang='grc'>,</span> <span class='ocrx_word' id='word_1_222' title='bbox 1223 2631 1226 2635; x_wconf 82' lang='grc'><strong>’</strong></span> 
     </span>
     <span class='ocr_line' id='line_1_28' title="bbox 226 2705 1237 2812; baseline -0.004 -36"><span class='ocrx_word' id='word_1_223' title='bbox 226 2708 444 2812; x_wconf 74' lang='lat' dir='ltr'><strong>Exsequitur</strong></span> <span class='ocrx_word' id='word_1_224' title='bbox 464 2708 610 2787; x_wconf 75' lang='lat' dir='ltr'><strong>uitium«,</strong></span> <span class='ocrx_word' id='word_1_225' title='bbox 638 2718 679 2774; x_wconf 78' lang='lat' dir='ltr'><strong>at</strong></span> <span class='ocrx_word' id='word_1_226' title='bbox 701 2732 744 2777; x_wconf 86' lang='lat' dir='ltr'><strong>tre</strong></span> <span class='ocrx_word' id='word_1_227' title='bbox 763 2710 913 2777; x_wconf 80' lang='lat' dir='ltr'><strong>exsudat</strong></span> <span class='ocrx_word' id='word_1_228' title='bbox 934 2708 1077 2776; x_wconf 79' lang='lat' dir='ltr'><strong>inutilis</strong></span> <span class='ocrx_word' id='word_1_229' title='bbox 1098 2705 1237 2775; x_wconf 77' lang='lat' dir='ltr'><strong>humer.</strong></span> 
     </span>
     <span class='ocr_line' id='line_1_29' title="bbox 101 2729 1308 2893; baseline -0.003 -30"><span class='ocrx_word' id='word_1_230' title='bbox 101 2793 273 2863; x_wconf 69' lang='lat' dir='ltr'><strong>aodebeloi</strong></span> <span class='ocrx_word' id='word_1_231' title='bbox 294 2805 390 2861; x_wconf 86' lang='lat' dir='ltr'><strong>enam</strong></span> <span class='ocrx_word' id='word_1_232' title='bbox 411 2793 552 2893; x_wconf 72' lang='lat' dir='ltr'><strong>alterurn⁸</strong></span> <span class='ocrx_word' id='word_1_233' title='bbox 565 2813 667 2860; x_wconf 85' lang='lat' dir='ltr'><strong>corun</strong></span> <span class='ocrx_word' id='word_1_234' title='bbox 679 2729 831 2883; x_wconf 72' lang='lat' dir='ltr'><strong>lregisse,</strong></span> <span class='ocrx_word' id='word_1_235' title='bbox 854 2808 888 2864; x_wconf 89' lang='lat' dir='ltr'><strong>et</strong></span> <span class='ocrx_word' id='word_1_236' title='bbox 900 2796 1035 2865; x_wconf 81' lang='lat' dir='ltr'><strong>fractum</strong></span> <span class='ocrx_word' id='word_1_237' title='bbox 1047 2793 1172 2884; x_wconf 78' lang='lat' dir='ltr'><strong>Copiae</strong></span> <span class='ocrx_word' id='word_1_238' title='bbox 1186 2790 1275 2859; x_wconf 89' lang='lat' dir='ltr'><strong>dedi·</strong></span> <span class='ocrx_word' id='word_1_239' title='bbox 1306 2800 1308 2831; x_wconf 81' lang='lat'><strong>¹</strong></span> 
     </span>
     <span class='ocr_line' id='line_1_30' title="bbox 143 2878 1276 2971; baseline 0.001 -27"><span class='ocrx_word' id='word_1_240' title='bbox 143 2902 234 2945; x_wconf 87' lang='lat' dir='ltr'><strong>casse</strong></span> <span class='ocrx_word' id='word_1_241' title='bbox 245 2879 376 2960; x_wconf 85' lang='lat' dir='ltr'><strong>dieitur3</strong></span> <span class='ocrx_word' id='word_1_242' title='bbox 388 2879 472 2966; x_wconf 86' lang='lat' dir='ltr'><strong>quia,</strong></span> <span class='ocrx_word' id='word_1_243' title='bbox 481 2888 621 2968; x_wconf 82' lang='lat' dir='ltr'><strong>utaJunt,</strong></span> <span class='ocrx_word' id='word_1_244' title='bbox 634 2878 841 2971; x_wconf 87' lang='lat' dir='ltr'><strong>alterumejus</strong></span> <span class='ocrx_word' id='word_1_245' title='bbox 850 2881 982 2963; x_wconf 89' lang='lat' dir='ltr'><strong>alveum,</strong></span> <span class='ocrx_word' id='word_1_246' title='bbox 995 2880 1150 2971; x_wconf 89' lang='lat' dir='ltr'><strong>cujuseru</strong></span> <span class='ocrx_word' id='word_1_247' title='bbox 1175 2880 1276 2948; x_wconf 75' lang='lat' dir='ltr'><strong>donee</strong></span> 
     </span>
     <span class='ocr_line' id='line_1_31' title="bbox 62 2903 1282 3055; baseline 0 -28"><span class='ocrx_word' id='word_1_248' title='bbox 62 3017 66 3027; x_wconf 84' lang='grc'><em>,</em></span> <span class='ocrx_word' id='word_1_249' title='bbox 111 2985 114 2991; x_wconf 95' lang='grc'><strong><em>·</em></strong></span> <span class='ocrx_word' id='word_1_250' title='bbox 141 2964 332 3033; x_wconf 89' lang='lat' dir='ltr'><strong>immodicae</strong></span> <span class='ocrx_word' id='word_1_251' title='bbox 350 2986 447 3052; x_wconf 88' lang='lat' dir='ltr'><strong>agros</strong></span> <span class='ocrx_word' id='word_1_252' title='bbox 469 2965 656 3046; x_wconf 79' lang='lat' dir='ltr'><strong>obruebant,</strong></span> <span class='ocrx_word' id='word_1_253' title='bbox 678 2967 847 3034; x_wconf 76' lang='lat' dir='ltr'><strong>exsiccavit</strong></span> <span class='ocrx_word' id='word_1_254' title='bbox 867 2968 1067 3055; x_wconf 88' lang='lat' dir='ltr'><strong>fertilemque</strong></span> <span class='ocrx_word' id='word_1_255' title='bbox 1085 2903 1237 3033; x_wconf 78' lang='lat' dir='ltr'><strong>reddidit.</strong></span> <span class='ocrx_word' id='word_1_256' title='bbox 1278 3022 1282 3027; x_wconf 88' lang='lat'><em>.</em></span> 
     </span>
     <span class='ocr_line' id='line_1_32' title="bbox 225 3048 1276 3142; baseline -0.003 -24"><span class='ocrx_word' id='word_1_257' title='bbox 225 3052 256 3118; x_wconf 82' lang='lat'><strong>5.</strong></span> <span class='ocrx_word' id='word_1_258' title='bbox 298 3048 367 3117; x_wconf 85' lang='lat' dir='ltr'><strong>Sed</strong></span> <span class='ocrx_word' id='word_1_259' title='bbox 387 3061 420 3116; x_wconf 89' lang='lat' dir='ltr'><strong>et</strong></span> <span class='ocrx_word' id='word_1_260' title='bbox 443 3049 642 3137; x_wconf 80' lang='lat' dir='ltr'><strong>Hesperides</strong></span> <span class='ocrx_word' id='word_1_261' title='bbox 664 3050 763 3119; x_wconf 75' lang='lat' dir='ltr'><strong>femur</strong></span> <span class='ocrx_word' id='word_1_262' title='bbox 783 3051 953 3142; x_wconf 86' lang='lat' dir='ltr'><strong>spoliasse,</strong></span> <span class='ocrx_word' id='word_1_263' title='bbox 987 3051 1031 3117; x_wconf 87' lang='lat' dir='ltr'><strong>de</strong></span> <span class='ocrx_word' id='word_1_264' title='bbox 1059 3051 1177 3139; x_wconf 84' lang='lat' dir='ltr'><strong>quibus</strong></span> <span class='ocrx_word' id='word_1_265' title='bbox 1196 3050 1276 3116; x_wconf 85' lang='lat' dir='ltr'><strong>bueo</strong></span> 
     </span>
    </p>
   </div>
   <div class='ocr_carea' id='block_1_3' title="bbox 1296 1398 1305 1439">
    <p class='ocr_par' dir='ltr' id='par_1_3' title="bbox 1296 1398 1305 1439">
     <span class='ocr_line' id='line_1_33' title="bbox 1296 1398 1305 1439; baseline 0 0"><span class='ocrx_word' id='word_1_266' title='bbox 1296 1398 1305 1439; x_wconf 83' lang='lat' dir='ltr'><strong>l</strong></span> 
     </span>
    </p>
   </div>
   <div class='ocr_carea' id='block_1_4' title="bbox 32 3133 1292 3485">
    <p class='ocr_par' dir='ltr' id='par_1_4' title="bbox 32 3133 1292 3485">
     <span class='ocr_line' id='line_1_34' title="bbox 32 3133 1276 3225; baseline 0.002 -26"><span class='ocrx_word' id='word_1_267' title='bbox 32 3220 34 3225; x_wconf 21' lang='grc' dir='ltr'>Ι</span> <span class='ocrx_word' id='word_1_268' title='bbox 144 3133 221 3202; x_wconf 88' lang='lat' dir='ltr'><strong>data</strong></span> <span class='ocrx_word' id='word_1_269' title='bbox 240 3146 295 3207; x_wconf 80' lang='lat' dir='ltr'><strong>est</strong></span> <span class='ocrx_word' id='word_1_270' title='bbox 312 3134 428 3201; x_wconf 85' lang='lat' dir='ltr'><strong>sabula.</strong></span> <span class='ocrx_word' id='word_1_271' title='bbox 483 3133 701 3225; x_wconf 86' lang='lat' dir='ltr'><strong>Hesperides,</strong></span> <span class='ocrx_word' id='word_1_272' title='bbox 739 3137 870 3206; x_wconf 77' lang='lat' dir='ltr'><strong>Atlantis</strong></span> <span class='ocrx_word' id='word_1_273' title='bbox 891 3139 993 3219; x_wconf 86' lang='lat' dir='ltr'><strong>filiae,</strong></span> <span class='ocrx_word' id='word_1_274' title='bbox 1017 3137 1117 3225; x_wconf 70' lang='lat' dir='ltr'><strong>aegis</strong></span> <span class='ocrx_word' id='word_1_275' title='bbox 1139 3134 1276 3215; x_wconf 75' lang='lat' dir='ltr'><strong>Africae,</strong></span> 
     </span>
     <span class='ocr_line' id='line_1_35' title="bbox 32 3218 1277 3308; baseline -0.002 -16"><span class='ocrx_word' id='word_1_276' title='bbox 32 3250 46 3291; x_wconf 66' lang='grc' dir='ltr'><strong>,ε</strong></span> <span class='ocrx_word' id='word_1_277' title='bbox 102 3221 271 3289; x_wconf 78' lang='lat' dir='ltr'><strong>eohortum</strong></span> <span class='ocrx_word' id='word_1_278' title='bbox 296 3221 492 3299; x_wconf 86' lang='lat' dir='ltr'><strong>habuerunt,</strong></span> <span class='ocrx_word' id='word_1_279' title='bbox 522 3218 638 3308; x_wconf 90' lang='lat' dir='ltr'><strong>inquo</strong></span> <span class='ocrx_word' id='word_1_280' title='bbox 659 3232 752 3289; x_wconf 91' lang='lat' dir='ltr'><strong>erant</strong></span> <span class='ocrx_word' id='word_1_281' title='bbox 778 3223 861 3290; x_wconf 88' lang='lat' dir='ltr'><strong>mala</strong></span> <span class='ocrx_word' id='word_1_282' title='bbox 893 3246 992 3291; x_wconf 86' lang='lat' dir='ltr'><strong>aurea</strong></span> <span class='ocrx_word' id='word_1_283' title='bbox 1013 3222 1133 3290; x_wconf 86' lang='lat' dir='ltr'><strong>Veneri</strong></span> <span class='ocrx_word' id='word_1_284' title='bbox 1165 3242 1277 3289; x_wconf 63' lang='lat' dir='ltr'><strong>conse</strong></span> 
     </span>
     <span class='ocr_line' id='line_1_36' title="bbox 144 3303 1277 3459; baseline 0.001 -87"><span class='ocrx_word' id='word_1_285' title='bbox 144 3319 356 3394; x_wconf 67' lang='lat' dir='ltr'><strong>crata‚*quae</strong></span> <span class='ocrx_word' id='word_1_286' title='bbox 378 3303 553 3385; x_wconf 87' lang='lat' dir='ltr'><strong>Hercules,</strong></span> <span class='ocrx_word' id='word_1_287' title='bbox 575 3306 689 3376; x_wconf 83' lang='lat' dir='ltr'><strong>missus</strong></span> <span class='ocrx_word' id='word_1_288' title='bbox 710 3309 751 3374; x_wconf 92' lang='lat' dir='ltr'><strong>ab</strong></span> <span class='ocrx_word' id='word_1_289' title='bbox 772 3308 974 3412; x_wconf 76' lang='lat' dir='ltr'><strong>Hurpsthe&#39;o,</strong></span> <span class='ocrx_word' id='word_1_290' title='bbox 1003 3309 1112 3377; x_wconf 84' lang='lat' dir='ltr'><strong>occiso</strong></span> <span class='ocrx_word' id='word_1_291' title='bbox 1133 3304 1277 3459; x_wconf 50' lang='lat' dir='ltr'><strong>pervigffl</strong></span> 
     </span>
     <span class='ocr_line' id='line_1_37' title="bbox 144 3389 1292 3485; baseline 0 -27"><span class='ocrx_word' id='word_1_292' title='bbox 144 3391 307 3474; x_wconf 88' lang='lat' dir='ltr'><strong>dracone,</strong></span> <span class='ocrx_word' id='word_1_293' title='bbox 354 3389 487 3458; x_wconf 85' lang='lat' dir='ltr'><strong>sustulit.</strong></span> <span class='ocrx_word' id='word_1_294' title='bbox 543 3391 672 3460; x_wconf 86' lang='lat' dir='ltr'><strong>Revera</strong></span> <span class='ocrx_word' id='word_1_295' title='bbox 707 3403 815 3463; x_wconf 85' lang='lat' dir='ltr'><strong>autam</strong></span> <span class='ocrx_word' id='word_1_296' title='bbox 841 3407 936 3485; x_wconf 82' lang='lat' dir='ltr'><strong>Juxta</strong></span> <span class='ocrx_word' id='word_1_297' title='bbox 972 3394 1119 3461; x_wconf 87' lang='lat' dir='ltr'><strong>Servium</strong></span> <span class='ocrx_word' id='word_1_298' title='bbox 1158 3393 1234 3463; x_wconf 90' lang='lat' dir='ltr'><strong>nobi</strong></span> <span class='ocrx_word' id='word_1_299' title='bbox 1289 3442 1292 3447; x_wconf 83' lang='lat'><em>.</em></span> 
     </span>
    </p>
   </div>
   <div class='ocr_carea' id='block_1_5' title="bbox 20 3474 1281 4255">
    <p class='ocr_par' dir='ltr' id='par_1_5' title="bbox 145 3474 1277 3569">
     <span class='ocr_line' id='line_1_38' title="bbox 145 3474 1277 3569; baseline 0.004 -26"><span class='ocrx_word' id='word_1_300' title='bbox 145 3478 275 3545; x_wconf 86' lang='lat' dir='ltr'><strong>suerunt</strong></span> <span class='ocrx_word' id='word_1_301' title='bbox 308 3477 449 3567; x_wconf 86' lang='lat' dir='ltr'><strong>puellae,</strong></span> <span class='ocrx_word' id='word_1_302' title='bbox 487 3499 623 3565; x_wconf 86' lang='lat' dir='ltr'><strong>quarum</strong></span> <span class='ocrx_word' id='word_1_303' title='bbox 649 3500 770 3569; x_wconf 79' lang='lat' dir='ltr'><strong>greges</strong></span> <span class='ocrx_word' id='word_1_304' title='bbox 797 3474 911 3568; x_wconf 81' lang='lat' dir='ltr'><strong>abegit</strong></span> <span class='ocrx_word' id='word_1_305' title='bbox 953 3481 1129 3563; x_wconf 89' lang='lat' dir='ltr'><strong>Hercules,</strong></span> <span class='ocrx_word' id='word_1_306' title='bbox 1168 3479 1277 3547; x_wconf 82' lang='lat' dir='ltr'><strong>&#39;occisa</strong></span> 
     </span>
    </p>

    <p class='ocr_par' dir='ltr' id='par_1_6' title="bbox 20 3561 1279 3826">
     <span class='ocr_line' id='line_1_39' title="bbox 20 3561 1278 3652; baseline 0.002 -23"><span class='ocrx_word' id='word_1_307' title='bbox 20 3610 25 3619; x_wconf 73' lang='lat'><em>-</em></span> <span class='ocrx_word' id='word_1_308' title='bbox 144 3578 255 3630; x_wconf 83' lang='lat' dir='ltr'><strong>eorum</strong></span> <span class='ocrx_word' id='word_1_309' title='bbox 278 3561 414 3631; x_wconf 91' lang='lat' dir='ltr'><strong>custode</strong></span> <span class='ocrx_word' id='word_1_310' title='bbox 424 3578 441 3642; x_wconf 84' lang='grc'><strong>;“</strong></span> <span class='ocrx_word' id='word_1_311' title='bbox 455 3563 542 3629; x_wconf 92' lang='lat' dir='ltr'><strong>unde</strong></span> <span class='ocrx_word' id='word_1_312' title='bbox 562 3567 656 3652; x_wconf 71' lang='grc' dir='ltr'><strong>μῆλα</strong></span> <span class='ocrx_word' id='word_1_313' title='bbox 675 3565 808 3652; x_wconf 84' lang='lat' dir='ltr'><strong>fingitur</strong></span> <span class='ocrx_word' id='word_1_314' title='bbox 829 3566 1011 3645; x_wconf 69' lang='lat' dir='ltr'><strong>sustulisse,</strong></span> <span class='ocrx_word' id='word_1_315' title='bbox 1029 3561 1094 3634; x_wconf 86' lang='lat' dir='ltr'><strong>lioc</strong></span> <span class='ocrx_word' id='word_1_316' title='bbox 1114 3575 1166 3635; x_wconf 84' lang='lat' dir='ltr'><strong>est</strong></span> <span class='ocrx_word' id='word_1_317' title='bbox 1187 3584 1278 3645; x_wconf 69' lang='lat' dir='ltr'><strong>orest</strong></span> 
     </span>
     <span class='ocr_line' id='line_1_40' title="bbox 104 3645 1279 3741; baseline 0.003 -27"><span class='ocrx_word' id='word_1_318' title='bbox 104 3669 219 3728; x_wconf 78' lang='lat' dir='ltr'><strong>tanam</strong></span> <span class='ocrx_word' id='word_1_319' title='bbox 251 3672 328 3714; x_wconf 83' lang='lat' dir='ltr'><strong>oves</strong></span> <span class='ocrx_word' id='word_1_320' title='bbox 368 3649 462 3737; x_wconf 74' lang='grc' dir='ltr'><strong>μῆλα</strong></span> <span class='ocrx_word' id='word_1_321' title='bbox 500 3647 665 3732; x_wconf 88' lang='lat' dir='ltr'><strong>dicuntur;</strong></span> <span class='ocrx_word' id='word_1_322' title='bbox 703 3651 778 3718; x_wconf 89' lang='lat' dir='ltr'><strong>inde</strong></span> <span class='ocrx_word' id='word_1_323' title='bbox 806 3654 902 3721; x_wconf 90' lang='lat' dir='ltr'><strong>etiam</strong></span> <span class='ocrx_word' id='word_1_324' title='bbox 931 3645 1129 3741; x_wconf 70' lang='grc' dir='ltr'><strong><em>μηλονόμος</em></strong></span> <span class='ocrx_word' id='word_1_325' title='bbox 1166 3650 1279 3718; x_wconf 77' lang='lat' dir='ltr'><strong>dicitur</strong></span> 
     </span>
     <span class='ocr_line' id='line_1_41' title="bbox 142 3734 1278 3826; baseline 0.004 -28"><span class='ocrx_word' id='word_1_326' title='bbox 142 3742 267 3822; x_wconf 77' lang='lat' dir='ltr'><strong>pastor</strong></span> <span class='ocrx_word' id='word_1_327' title='bbox 286 3736 412 3800; x_wconf 77' lang='lat' dir='ltr'><strong>ovium.</strong></span> <span class='ocrx_word' id='word_1_328' title='bbox 452 3734 506 3801; x_wconf 87' lang='lat' dir='ltr'><strong>De</strong></span> <span class='ocrx_word' id='word_1_329' title='bbox 527 3735 591 3801; x_wconf 88' lang='lat' dir='ltr'><strong>hoc</strong></span> <span class='ocrx_word' id='word_1_330' title='bbox 611 3746 718 3804; x_wconf 92' lang='lat' dir='ltr'><strong>tamen</strong></span> <span class='ocrx_word' id='word_1_331' title='bbox 738 3739 893 3826; x_wconf 85' lang='lat' dir='ltr'><strong>figmento</strong></span> <span class='ocrx_word' id='word_1_332' title='bbox 915 3737 1059 3805; x_wconf 85' lang='lat' dir='ltr'><strong>subtilius</strong></span> <span class='ocrx_word' id='word_1_333' title='bbox 1086 3738 1185 3805; x_wconf 85' lang='lat' dir='ltr'><strong>sentit</strong></span> <span class='ocrx_word' id='word_1_334' title='bbox 1201 3734 1278 3804; x_wconf 82' lang='lat' dir='ltr'><strong>Ful·</strong></span> 
     </span>
    </p>

    <p class='ocr_par' dir='ltr' id='par_1_7' title="bbox 77 3819 1280 4077">
     <span class='ocr_line' id='line_1_42' title="bbox 77 3819 1280 3912; baseline 0.007 -30"><span class='ocrx_word' id='word_1_335' title='bbox 77 3833 86 3842; x_wconf 81' lang='grc'><em>·</em></span> <span class='ocrx_word' id='word_1_336' title='bbox 115 3819 283 3904; x_wconf 62' lang='lat' dir='ltr'><strong>gentius.</strong></span> <span class='ocrx_word' id='word_1_337' title='bbox 336 3819 486 3891; x_wconf 82' lang='lat' dir='ltr'><strong>Quatuor</strong></span> <span class='ocrx_word' id='word_1_338' title='bbox 517 3821 617 3894; x_wconf 90' lang='lat' dir='ltr'><strong>enim,</strong></span> <span class='ocrx_word' id='word_1_339' title='bbox 652 3822 712 3901; x_wconf 84' lang='lat' dir='ltr'><strong>ait,</strong></span> <span class='ocrx_word' id='word_1_340' title='bbox 750 3822 949 3912; x_wconf 85' lang='lat' dir='ltr'><strong>Hesperides</strong></span> <span class='ocrx_word' id='word_1_341' title='bbox 982 3822 1132 3890; x_wconf 85' lang='lat' dir='ltr'><strong>dicuutur</strong></span> <span class='ocrx_word' id='word_1_342' title='bbox 1168 3821 1280 3910; x_wconf 83' lang='lat' dir='ltr'><strong>Aegle,</strong></span> 
     </span>
     <span class='ocr_line' id='line_1_43' title="bbox 142 3903 1280 3998; baseline 0.008 -30"><span class='ocrx_word' id='word_1_343' title='bbox 142 3905 215 3969; x_wconf 80' lang='lat' dir='ltr'><strong>Hes</strong></span> <span class='ocrx_word' id='word_1_344' title='bbox 240 3903 319 3982; x_wconf 85' lang='lat' dir='ltr'><strong>eris,</strong></span> <span class='ocrx_word' id='word_1_345' title='bbox 341 3903 478 3971; x_wconf 88' lang='lat' dir='ltr'><strong>Medusa</strong></span> <span class='ocrx_word' id='word_1_346' title='bbox 501 3918 534 3974; x_wconf 92' lang='lat' dir='ltr'><strong>et</strong></span> <span class='ocrx_word' id='word_1_347' title='bbox 553 3906 760 3988; x_wconf 70' lang='lat' dir='ltr'><strong>Phaethusa,</strong></span> <span class='ocrx_word' id='word_1_348' title='bbox 796 3934 875 3998; x_wconf 86' lang='lat' dir='ltr'><strong>quas</strong></span> <span class='ocrx_word' id='word_1_349' title='bbox 904 3932 964 3975; x_wconf 86' lang='lat' dir='ltr'><strong>nos</strong></span> <span class='ocrx_word' id='word_1_350' title='bbox 991 3909 1108 3977; x_wconf 82' lang='lat' dir='ltr'><strong>Latine</strong></span> <span class='ocrx_word' id='word_1_351' title='bbox 1128 3908 1280 3987; x_wconf 85' lang='lat' dir='ltr'><strong>studium,</strong></span> 
     </span>
     <span class='ocr_line' id='line_1_44' title="bbox 147 3928 1280 4077; baseline 0.008 -23"><span class='ocrx_word' id='word_1_352' title='bbox 147 3928 356 4068; x_wconf 83' lang='lat' dir='ltr'><strong>intellectum,</strong></span> <span class='ocrx_word' id='word_1_353' title='bbox 395 3991 581 4058; x_wconf 90' lang='lat' dir='ltr'><strong>memoriam</strong></span> <span class='ocrx_word' id='word_1_354' title='bbox 608 4003 643 4059; x_wconf 89' lang='lat' dir='ltr'><strong>et</strong></span> <span class='ocrx_word' id='word_1_355' title='bbox 669 3992 849 4062; x_wconf 74' lang='lat' dir='ltr'><strong>facundiam</strong></span> <span class='ocrx_word' id='word_1_356' title='bbox 886 3993 1030 4061; x_wconf 86' lang='lat' dir='ltr'><strong>dicimus.</strong></span> <span class='ocrx_word' id='word_1_357' title='bbox 1082 3995 1136 4063; x_wconf 87' lang='lat' dir='ltr'><strong>De</strong></span> <span class='ocrx_word' id='word_1_358' title='bbox 1167 3998 1280 4077; x_wconf 78' lang='lat' dir='ltr'><strong>hanam</strong></span> 
     </span>
    </p>

    <p class='ocr_par' dir='ltr' id='par_1_8' title="bbox 53 4074 1281 4255">
     <span class='ocr_line' id='line_1_45' title="bbox 53 4074 1279 4170; baseline 0.009 -30"><span class='ocrx_word' id='word_1_359' title='bbox 53 4120 57 4129; x_wconf 32' lang='grc' dir='ltr'><em>ι</em></span> <span class='ocrx_word' id='word_1_360' title='bbox 107 4098 141 4147; x_wconf 73' lang='lat' dir='ltr'><strong>rs</strong></span> <span class='ocrx_word' id='word_1_361' title='bbox 151 4076 243 4155; x_wconf 84' lang='lat' dir='ltr'><strong>horto</strong></span> <span class='ocrx_word' id='word_1_362' title='bbox 266 4097 364 4140; x_wconf 88' lang='lat' dir='ltr'><strong>aurea</strong></span> <span class='ocrx_word' id='word_1_363' title='bbox 386 4074 470 4145; x_wconf 87' lang='lat' dir='ltr'><strong>mala</strong></span> <span class='ocrx_word' id='word_1_364' title='bbox 503 4077 582 4144; x_wconf 90' lang='lat' dir='ltr'><strong>tollit</strong></span> <span class='ocrx_word' id='word_1_365' title='bbox 609 4079 785 4159; x_wconf 85' lang='lat' dir='ltr'><strong>Hercules,</strong></span> <span class='ocrx_word' id='word_1_366' title='bbox 825 4081 901 4169; x_wconf 88' lang='lat' dir='ltr'><strong>quia</strong></span> <span class='ocrx_word' id='word_1_367' title='bbox 921 4102 980 4170; x_wconf 94' lang='lat' dir='ltr'><strong>per</strong></span> <span class='ocrx_word' id='word_1_368' title='bbox 1000 4080 1057 4146; x_wconf 90' lang='lat' dir='ltr'><strong>has</strong></span> <span class='ocrx_word' id='word_1_369' title='bbox 1078 4080 1120 4146; x_wconf 89' lang='lat' dir='ltr'><strong>ad</strong></span> <span class='ocrx_word' id='word_1_370' title='bbox 1141 4083 1279 4170; x_wconf 84' lang='lat' dir='ltr'><strong>pbiloso-</strong></span> 
     </span>
     <span class='ocr_line' id='line_1_46' title="bbox 149 4160 1281 4255; baseline 0.01 -29"><span class='ocrx_word' id='word_1_371' title='bbox 149 4160 252 4249; x_wconf 85' lang='lat' dir='ltr'><strong>pbiam</strong></span> <span class='ocrx_word' id='word_1_372' title='bbox 276 4161 465 4248; x_wconf 90' lang='lat' dir='ltr'><strong>pervenitur.</strong></span> <span class='ocrx_word' id='word_1_373' title='bbox 518 4163 662 4233; x_wconf 91' lang='lat' dir='ltr'><strong>Primum&#39;</strong></span> <span class='ocrx_word' id='word_1_374' title='bbox 690 4189 827 4255; x_wconf 89' lang='lat' dir='ltr'><strong>namque</strong></span> <span class='ocrx_word' id='word_1_375' title='bbox 848 4177 899 4234; x_wconf 89' lang='lat' dir='ltr'><strong>est</strong></span> <span class='ocrx_word' id='word_1_376' title='bbox 922 4163 1071 4248; x_wconf 85' lang='lat' dir='ltr'><strong>studere,</strong></span> <span class='ocrx_word' id='word_1_377' title='bbox 1102 4168 1281 4237; x_wconf 85' lang='lat' dir='ltr'><strong>secuudum</strong></span> 
     </span>
    </p>
   </div>
   <div class='ocr_carea' id='block_1_6' title="bbox 0 0 1338 4658">
    <p class='ocr_par' dir='ltr' id='par_1_9' title="bbox 0 0 1338 4658">
     <span class='ocr_line' id='line_1_47' title="bbox 0 0 1338 4658; baseline 0 0"><span class='ocrx_word' id='word_1_378' title='bbox 0 0 1338 4658; x_wconf 95' lang='lat' dir='ltr'><strong> </strong></span> 
     </span>
    </p>
   </div>
  </div>
 </body>
</html>
