2616 4658
146 138 235 227 too
386 174 389 179 ·
465 150 650 257 mycsgs.
676 155 749 231 m.
774 151 869 273 χιι.
922 151 965 231 o.
1056 134 1092 149 ”

150 336 251 406 sacris
265 337 417 407 Herculis
432 340 626 429 exequendis
639 339 749 408 Potitii
766 349 890 413 tanturn
907 300 985 423 lacit
1006 346 1297 413 commemoratio.

152 448 237 504 nem,
257 424 384 493 dicens:
406 425 619 514 Primusque
630 424 883 493 Potitiusibrrt.
903 427 987 495 Nam
1000 428 1090 531 quod
1108 433 1282 530 praemisit:

236 509 286 577 Et
306 510 429 575 domus
448 509 617 577 Herculei
636 514 751 578 castris
772 510 929 578 Pinaria
949 537 1069 593 sacros

154 594 229 662 huio
248 595 296 661 rei
317 593 510 663 contrarium
541 617 605 662 non
635 606 704 676 est;
740 595 884 672 norimus
913 599 1016 682 enim,
1052 597 1149 687 quod
1183 611 1280 669 custos

128 702 147 753 s
154 704 213 770 pro
234 679 376 747 ministro
397 679 532 760 dicitur;
561 692 597 749 ut
619 680 705 748 idem
726 681 759 746 in
780 679 845 747 XI:
1007 735 1010 743 ,

237 764 290 832 At
317 765 460 830 Triviae
479 775 594 831 custos
614 766 759 831 summis
779 765 818 830 in
839 764 1014 834 montibus
1038 766 1132 857 Opis

195 922 199 929 ,
236 849 327 927 Alta
348 849 445 913 sedet

152 934 274 1003 idest
300 933 452 1000 ministra.
505 931 646 1021 Legitur
683 933 778 1000 etiam
807 934 839 1000 in
866 933 953 1002 libris
983 937 1144 1026 antiquis,
1182 959 1274 1007 secun

151 1019 327 1086 Herculem
349 1017 392 1086 ad
412 1018 534 1087 Italiam
554 1020 586 1084 in
614 1041 670 1085 ens
691 1020 841 1107 poculum
861 1020 1002 1107 ligneum
1023 1023 1197 1105 attulisse,
1227 1045 1274 1112 qus

111 1106 185 1172 tuin
206 1105 305 1172 sacris
327 1105 492 1185 utebatur3
514 1041 613 1191 quoti
625 1127 667 1170 ne
689 1105 775 1171 carie
790 1118 1047 1190 consumeretur,
1062 1111 1142 1196 pice
1158 1109 1274 1177 oblituu

153 1191 410 1258 conservabatur.
437 1242 440 1251 .
475 1189 582 1277 Hujus
617 1190 869 1277 magnitudinem
918 1192 1069 1279 Virgilius
1115 1195 1275 1282 significat,

152 1276 279 1355 dicens,
320 1274 409 1362 quod
437 1296 536 1338 sacer
571 1273 732 1363 implevit
755 1275 918 1359 dextram
946 1278 1111 1364 scyphus.
1170 1281 1276 1346 Lecta

42 1437 43 1440 Ἴ
147 1362 280 1454 juvenes
300 1359 387 1427 idem
416 1358 566 1446 Virgilius
596 1360 679 1427 inter
706 1359 773 1448 ejus
803 1366 898 1427 sacra
926 1364 1185 1443 commemorat,
1216 1366 1299 1453 quis,

64 1488 67 1493 ·
152 1448 253 1515 sacris
282 1444 451 1512 Herculeis
484 1466 545 1511 nec
570 1447 652 1512 servi
680 1444 855 1512 intererant
881 1467 943 1512 nec
970 1446 1093 1532 liberti;
1139 1449 1226 1517 adeo
1248 1460 1276 1517 nt

110 1533 288 1619 ttdppius,
336 1533 392 1618 qui
425 1529 508 1595 haec
547 1553 640 1597 sacra
667 1531 825 1597 transtulit
854 1530 886 1595 in
919 1531 1068 1619 libertos,
1109 1547 1147 1602 et
1190 1534 1275 1602 oculu

152 1617 310 1693 caruisse,
342 1627 376 1682 et
394 1615 476 1682 intra
496 1635 613 1683 annum
634 1637 759 1680 omnem
782 1616 928 1683 familiam
950 1617 1158 1687 Pinariorum
1181 1621 1275 1711 perdi·

150 1702 238 1769 disse
259 1701 394 1789 legatur.
447 1698 588 1786 Culpant
614 1701 782 1789 Virgilium
810 1702 928 1783 critici,
970 1702 1059 1795 quod
1095 1706 1274 1783 Herculem,
1307 1767 1308 1783 ,

37 1821 40 1827 ,
149 1787 369 1877 praesentibus
406 1784 573 1875 Trojanis‚
608 1785 651 1852 de
686 1785 900 1855 Tro'anor'um
935 1788 1124 1858 introducat
1162 1792 1275 1858 laudari

23 1918 26 1925 «
150 1873 294 1955 excidio;
329 1893 392 1951 non
415 1871 639 1958 respicientes,
675 1811 848 1960 quoium
875 1874 956 1940 ratio
982 1875 1062 1943 lecit·
1078 1876 1272 1965 hymnorum,

106 1959 267 2048 atquibus
289 1956 406 2047 aliquid
427 1958 616 2024 subtrahere
640 1958 840 2108 sacrilegium
863 1974 921 2025 est.

232 2046 263 2111 8.
306 2044 413 2111 Deum
432 2065 507 2109 eum
527 2065 726 2109 communem
770 2044 841 2121 icit,
869 2044 918 2109 vel
938 2042 1041 2131 quod,
1074 2053 1114 2113 ut
1138 2044 1271 2123 diximus,

147 2121 343 2197 ἀποθέωσιν
365 2127 501 2216 adeptus
524 2127 565 2194 de
586 2128 731 2203 homine,
761 2127 957 2195 medioximis
978 2129 1096 2196 meruit
1131 2154 1269 2198 annone

146 2212 230 2293 rari,
266 2214 313 2280 vel
334 2212 421 2302 quod
445 2212 622 2280 secundum
644 2214 857 2303 pontificalem
881 2215 975 2281 ritum
1003 2213 1091 2281 idem
1123 2231 1178 2285 est
1196 2219 1270 2283 Her-

148 2298 238 2365 cules
274 2299 329 2388 qui
357 2309 390 2366 et
420 2298 538 2382 Mans
565 2318 640 2367 nam
668 2298 789 2366 stellam
824 2322 918 2365 unam
949 2299 1073 2366 habere
1123 2302 1269 2371 dicuntur.

104 2382 217 2451 2⁶Sed
249 2396 283 2452 et
315 2384 452 2451 Martem
490 2384 608 2452 Cicero
637 2406 837 2452 communem
867 2383 953 2451 dicit
1002 2385 1161 2473 Virgilius
1190 2389 1270 2456 etiam

149 2469 253 2538 Salios
276 2470 409 2536 Herculi
431 2467 498 2544 dat,
519 2493 602 2559 quos
624 2470 736 2538 Martis
757 2494 829 2539 esse
849 2492 919 2536 non
935 2469 1069 2538 dubium
1091 2464 1158 2541 est.
1199 2472 1269 2541 Nan

146 2566 184 2621 nt
204 2556 237 2621 in
262 2556 329 2623 XII
357 2557 417 2623 ait:
459 2555 509 2621 Et
526 2555 595 2620 ,dis
625 2554 862 2621 communibus
889 2576 991 2633 arao,
1022 2559 1211 2626 secundum
1235 2556 1269 2623 ul

147 2640 236 2707 tioris
257 2642 409 2709 scientiae
430 2639 530 2719 viros,
559 2639 639 2708 deos
658 2662 776 2708 azonos
806 2641 954 2733 relinquit
979 2642 1137 2731 intelligi,
1168 2643 1268 2717 idest

19 2754 24 2771 ι
147 2726 200 2813 qui
232 2737 336 2800 certas
368 2746 433 2791 non
465 2723 610 2790 habitant
639 2737 767 2813 partes,
802 2724 862 2792 sed
889 2725 1084 2812 generaliter
1108 2752 1131 2795 a
1162 2729 1269 2798 cuneis

104 2826 141 2876 uo
149 2810 311 2890 coluntur,
342 2809 432 2899 quod
453 2809 571 2896 ubique
592 2832 664 2877 esse
687 2821 856 2899 putentur..
888 2812 946 2878 Sic
976 2812 1105 2962 Ophele
1129 2815 1165 2883 in
1186 2815 1269 2883 omui·

147 2897 207 2962 bus
230 2897 317 2963 nonis
339 2919 413 2963 esse
433 2892 583 2961 ereditur.
641 2896 721 2962 Ideo
743 2897 836 2964 etiarn
867 2909 970 2964 mater
1026 2916 1145 2969 eorum
1168 2900 1269 2969 dicitu

146 2981 252 3070 quod,
292 2982 398 3070 ajunt,
433 2981 578 3048 omnibus
601 2978 668 3068 ejus
706 2983 881 3049 communis
909 2994 959 3049 est
987 2996 1146 3071 potestas.
1200 2988 1269 3055 Nm

168 3065 235 3133 uod
267 3065 348 3135 deos
386 3090 570 3135 communes
604 3068 723 3135 dixisse
759 3080 890 3157 putetur
928 3066 1037 3134 Solem
1072 3083 1109 3140 et
1145 3072 1268 3150 Lunam

146 3092 316 3221 itutonem
339 3165 373 3221 et
392 3155 545 3233 Martem,
583 3153 669 3241 quod
701 3153 750 3221 tis
771 3154 949 3221 numinibus
981 3154 1106 3243 ubique
1138 3160 1270 3246 gentium

104 3255 140 3306 ³⁶
148 3241 309 3306 veneratio
349 3238 554 3319 exhibeatur;
594 3239 641 3305 vel
674 3240 831 3318 Martem,
865 3238 1048 3314 Bellonam,
1092 3243 1269 3319 Victoriam,

145 3323 233 3412 quod
247 3325 279 3389 hi
297 3325 330 3391 in
347 3322 427 3389 bello
441 3323 569 3410 utrique
590 3324 672 3413 parti
686 3325 793 3391 lavere
813 3325 950 3412 possint;
972 3324 1063 3393 nimis
1086 3342 1142 3399 est
1165 3331 1270 3399 dictuu

146 3410 298 3498 vulgare,
332 3419 365 3476 et
386 3406 429 3473 de
449 3430 590 3495 paupere
612 3431 694 3475 vena
724 3433 855 3476 manare
875 3408 1043 3478 creditum.
1088 3414 1185 3485 Sane
1204 3416 1271 3486 sicut

146 3497 250 3562 Varro
272 3494 366 3571 dicit,
387 3515 497 3559 omnes
518 3494 571 3581 qui
593 3493 717 3561 sortiter
738 3497 900 3574 fecerunt,
932 3494 1100 3567 Hercules
1124 3506 1270 3573 vocaban-

146 3592 216 3660 tur;
250 3580 325 3647 licet
344 3601 400 3646 eos
444 3581 522 3643 rimo
544 3579 657 3647 XLIII
688 3582 927 3647 enumeraverit
977 3583 1068 3650 Hinc
1091 3602 1167 3670 est,
1199 3582 1270 3679 qnod

104 3664 281 3753 solegimus
312 3602 486 3731 Herculem
518 3664 740 3754 Tyrinthium,
770 3670 812 3733 Ar
839 3667 940 3747 irum,
973 3667 1202 3753 Thebanum,¹
1227 3671 1270 3741 Il

148 3753 221 3839 byn.
276 3751 348 3817 Nec
374 3764 407 3818 te
436 3765 578 3829 moveat,
611 3752 636 3817 si
659 3749 701 3816 de
720 3751 779 3820 diis
800 3689 922 3841 aitqua,
955 3776 1040 3841 quae
1068 3756 1134 3827 sibi
1156 3760 1271 3827 minime

148 3837 323 3902 cohaerere
351 3836 533 3916 videantur,
569 3836 700 3903 diversis
726 3839 758 3903 in
782 3836 859 3904 locis
887 3850 1082 3909 astruantur.
1139 3842 1271 3913 Fabulae

147 3921 229 3986 enirn
251 3922 405 3987 confusae
425 3934 499 3990 sunt
523 3934 573 3999 et,
604 3935 641 3989 ut
671 3923 944 4010 supradiximus,
977 3925 1071 4012 ipsae
1104 3928 1270 4001 unco-iu

146 4007 269 4074 ratione
290 4005 423 4073 deorum
443 4007 626 4096 sequendae
647 4021 737 4088 sunt,
771 4009 844 4096 quia
864 4007 1188 4097 veritaeignorntur.

61 4090 140 4179 ‘tc
433 4166 438 4175 ,
521 4092 591 4177 ld,
641 4095 897 4170 Perseus.

129 4216 131 4223 ¹
233 4193 273 4257 1:
305 4193 461 4261 Perseum
487 4216 616 4283 quoque
636 4196 717 4263 inter
747 4197 835 4265 Joris
865 4196 947 4263 tilios
972 4216 1171 4273 memorant
1211 4202 1296 4269 Hs.
