2632 4658
305 120 928 309 ιιιιιιιςι.ιιιζιιιχμε.
1063 151 1200 261 ‘aar
1269 235 1273 249 ‚

56 358 127 427 bet
160 358 314 440 veritamr
333 356 422 437 huuc
449 378 568 446 regem·
595 358 692 431 Asino
712 356 934 459 praedivitem
964 360 1080 446 fuisse,
1117 360 1204 439 ideo

56 442 238 512 atriaticum
259 443 399 522 dietum,
432 446 508 533 quia
529 444 598 512 navi
619 445 772 513 multost
815 447 904 516 'ones
921 449 1089 519 transierit
1131 450 1199 518 Hic

59 529 211 600 Africam
243 529 418 609 debellarit.
472 530 525 596 De
560 552 625 616 qua
655 552 692 596 re
723 542 761 599 ut
804 532 885 599 atius
911 553 936 599 ἰι
963 554 1071 616 amus,
1106 536 1223 622 regis,

61 614 191 682 Phorci
211 625 277 684 tres
299 615 391 682 inere
410 613 512 690 filiae,
537 615 685 697 Sdreuo,
713 615 854 711 Euryale
873 627 909 684 et
970 617 1079 687 edam
1120 619 1198 687 Hae

62 723 135 777 uno
155 701 249 783 oculo
270 701 461 779 utebantur,
494 709 529 766 et
552 701 713 780 intuentes
742 702 775 767 in
802 699 939 791 lapidem
960 705 1223 774 convertebantt

65 788 197 854 Contra
216 808 298 875 quas
318 786 432 854 missus
453 782 595 853 Perseus
614 809 688 854 oum
704 783 754 877 ely
776 787 1014 877 eo‘mystaiiino
1032 802 1066 858 et
1085 790 1198 878 harpe,

67 870 161 1023 prppd
181 894 286 959 genus
307 884 357 939 est
377 872 431 940 teli
453 871 579 954 falcati,
602 870 732 940 consilio
802 875 930 940 inerme
950 897 1005 942 ess
1026 876 1196 943 interiecit.
1264 922 1274 930 -

126 979 201 1024 rere
221 968 346 1039 autern,
366 969 405 1024 ut
425 957 555 1029 Servius
575 958 696 1039 refert,
714 967 781 1025 tres
804 981 932 1028 sorores
952 961 1084 1028 suerunt
1102 961 1198 1028 unius
1273 966 1279 978 ’

91 1042 322 1111 ulchritudinis.
365 1041 462 1111 Unde
481 1043 590 1110 fiotum
611 1055 679 1127 est,
713 1041 800 1130 quod
821 1066 887 1112 uno
908 1045 1002 1112 oouio
1023 1056 1199 1115 uterentur.
1301 1070 1303 1075 ·

103 1141 221 1199 uerunt
257 1140 366 1199 autem
392 1126 673 1217 locupletissimam
712 1129 799 1195 unde
829 1141 863 1198 et
893 1131 1078 1218 Gorgones·
1103 1131 1244 1220 quasin

68 1217 224 1304 γεωργοὶ,
241 1213 275 1279 id
296 1226 347 1283 est
366 1222 488 1278 terrae
501 1214 663 1280 cultrices
684 1211 792 1282 dictae
813 1227 904 1298 sunt;
922 1220 967 1304 γῆ
987 1217 1069 1282 enim
1091 1226 1203 1297 terra,
1226 1222 1230 1227 ’

69 1302 169 1398 &pylo
189 1299 331 1365 cultura
349 1297 583 1386 interpretatur.
625 1300 713 1365 Sane
733 1300 870 1367 maxima
890 1318 1036 1368 sororum
1052 1300 1202 1383 Medusa,

71 1395 169 1475 patro
190 1395 334 1464 mortuo,
364 1384 397 1449 in
426 1399 564 1473 regnum
592 1395 803 1453 successerat
859 1384 952 1463 Quae
972 1388 1046 1475 quia
1067 1385 1203 1453 astutior

73 1471 193 1538 ceteris
217 1471 293 1546 tuit,
329 1468 434 1558 capite
477 1471 540 1536 iota
563 1480 618 1537 est
638 1492 674 1537 se
714 1473 829 1540 entium
871 1470 921 1537 Ad
944 1471 1027 1538 hanc
1048 1470 1229 1539 occideu·=

73 1555 153 1623 dam
188 1554 396 1643 imaginatio,
436 1493 475 1621 id
501 1565 551 1622 est
568 1557 757 1646 ,crystalino
793 1576 871 1624 usos
908 1555 1032 1624 ridetur
1045 1557 1247 1632 'Perseusls

73 1640 200 1731 oiypeo,
222 1645 296 1730 quia
318 1640 452 1707 consitiis
475 1639 621 1745 ejus‘per
640 1643 856 1730 speculatores
878 1664 954 1710 suos
997 1643 1204 1730 raecognitis,

73 1727 238 1815 inopinato
261 1749 358 1816 saepe
378 1747 516 1793 occursu
535 1726 576 1792 ilir
599 1727 758 1794 obstiterit
776 1728 921 1815 fugienti.
1005 1750 1045 1794 ao
1074 1727 1205 1795 tandem

75 1813 265 1892 interemta,
297 1811 402 1900 capite
429 1811 546 1901 ipsius,
577 1810 611 1877 id
642 1824 692 1885 est
721 1812 918 1890 substantia,
949 1811 1073 1892 ablato,
1109 1812 1206 1879 ditior

76 1899 202 1981 iactos,
233 1919 337 1985 regna
365 1918 427 1962 neo
455 1918 552 1985 parva
581 1917 644 1961 neo
669 1920 773 2001 pauca
803 1896 946 1964 obtinuit.
996 1897 1144 1987 Denique
1172 1906 1207 1963 et

76 1984 211 2051 Atlantis
238 2005 374 2070 regnum
407 1981 559 2048 invadens
586 1981 700 2048 auxiho
730 1982 892 2070 copiarum
922 1980 1098 2064 Medusae,
1131 2002 1250 2053 cuman

76 2071 109 2134 in
130 2081 271 2136 montem
294 2069 411 2153 fugero
431 2065 591 2155 compulit.
642 2067 737 2143 Unde
760 2078 938 2156 permput
957 2065 1113 2135 Medusae
1132 2088 1206 2135 eum
1232 2070 1235 2077 ’

75 2155 109 2221 in
132 2156 274 2223 montem
292 2153 425 2239 fingitur
444 2154 647 2220 convertisse.
841 2170 843 2175 ’
1224 2188 1227 2195 ,

86 2280 90 2288 ·
165 2241 196 2306 2„
237 2240 291 2305 De
312 2241 504 2326 Gorgonum
524 2249 631 2305 tamen
657 2235 880 2307 interfectione
901 2236 1065 2306 subtiliora
1083 2233 1210 2304 videtur
1248 2258 1251 2263 ·
1291 2308 1294 2312 ,

76 2323 212 2392 tradere
231 2323 437 2411 Fulgentius.
481 2326 599 2421 Gorgo
628 2325 732 2401 enim,
754 2323 876 2411 inquit,
914 2335 1029 2388 terror
1053 2323 1210 2411 interpre-
1259 2349 1286 2394 ur

76 2420 179 2478 tatur.
218 2410 309 2477 'l'res-
326 2422 434 2477 autem
454 2410 629 2496 Gorgonas
651 2409 714 2476 dici
742 2408 923 2488 voluerunt,
960 2409 1036 2497 quia
1055 2409 1117 2476 trie
1136 2412 1249 2477 suntet

78 2494 216 2564 terroris
247 2516 370 2583 genera
398 2507 432 2561 et
449 2507 526 2563 »tros
556 2497 711 2575 effectus,
746 2493 834 2583 quod
863 2492 957 2560 etiam
988 2515 1048 2594 per
1082 2493 1211 2560 nomine

79 2582 198 2650 herum
217 2584 313 2650 trium
334 2581 541 2666 significatur.
560 2582 573 2667 f
595 2582 718 2648 Stheno
748 2600 887 2669 namque
918 2575 1086 2643 debilitas
1112 2578 1212 2645 iuter·

105 2677 249 2744 rotatur,
278 2666 312 2733 id
331 2679 382 2732 est
401 2656 521 2733 timo'ris
541 2667 681 2745 initium,
709 2664 797 2770 quod
817 2673 940 2733 tanturn
959 2674 1098 2731 mentem
1115 2662 1211 2737 ⁸debi-

79 2690 170 2834 iiam
190 2752 261 2819 Eur
283 2751 332 2818 ale
350 2751 427 2816 lara
445 2749 692 2841 profunditas,
720 2750 755 2817 rd
780 2757 833 2817 est'
861 2760 973 2836 stupor
993 2747 1042 2814 vel
1062 2748 1212 2829 amentia,

79 2860 170 2986 qpae
200 2776 361 2925 proiundo
394 2835 535 2924 quodam
565 2850 689 2905 terrore
714 2847 858 2917 ¹mentem
894 2834 1038 2938 spargit3
1075 2833 1280 2935 Medusam,

79 2946 102 2987 o
125 2922 227 3003 livio,
262 2944 346 3013 quae
375 2941 439 2988 uon
471 2923 586 2989 mentis
613 2932 736 2989 tentum
769 2921 878 2990 turbat
908 2931 1072 2998 intuitum,
1101 2941 1213 2987 verum

81 2990 183 3076 etiaim
213 3009 381 3097 caliginem
402 3007 522 3097 ingerit
541 3005 634 3074 risus.
676 3010 771 3074 Haec
791 3005 874 3071 euim
894 3005 928 3069 in
948 3004 1126 3071 hominibus
1146 3016 1214 3073 ter-

81 3114 143 3161 ror
159 3107 322 3182 opemtur.
365 3092 506 3159 Perseus
521 3105 628 3160 autem
641 3091 672 3157 in
688 3094 795 3194 figura
807 3089 929 3155 virtutis
947 3089 1111 3177 accipitur.
1147 3089 1215 3154 Hic

82 3178 257 3268 adjurante
266 3181 408 3247 Minerva
420 3181 610 3265 Gorgonem
628 3177 756 3258 oooidrt,
775 3177 849 3264 quia
858 3175 956 3242 virtus
966 3173 1079 3242 auxilio
1087 3173 1214 3262 sapien·
1266 3237 1268 3241 ,

82 3264 283 3345 tioe'omues
309 3275 449 3331 terrores
468 3265 571 3332 vincit
612 3260 692 3333 Ideo
717 3284 847 3329 aversus
868 3259 967 3340 voiat,
988 3261 1063 3349 quia
1083 3280 1257 3331 arenosae

56 3364 67 3429 ς
83 3362 244 3420 terrorem
258 3372 412 3440 nusquam
427 3351 565 3438 respicit
587 3346 796 3436 Speculatum
806 3349 868 3412 fert
880 3346 1037 3434 clypeum,
1058 3345 1132 3433 quia
1146 3366 1220 3411 our-1

84 3435 138 3504 nis
157 3446 262 3506 terror
279 3459 343 3503 non
364 3436 465 3504 solum
484 3439 516 3503 in
537 3435 639 3501 corde
658 3434 717 3500 sed
736 3435 830 3500 etiarn
849 3431 881 3495 in
910 3433 1015 3518 figura
1034 3440 1186 3498 transeat.

174 3522 210 3590 3:
246 3524 300 3591 De
321 3522 478 3609 sanguino
498 3521 567 3610 ejus
593 3530 686 3587 natas
719 3519 821 3585 fertur
846 3515 1017 3600 Pegasus,
1048 3515 1080 3581 in
1108 3518 1131 3581 fi
1157 3536 1218 3583 ura

87 3607 211 3674 famae
232 3609 439 3689 constitutus,
459 3609 533 3698 -qui
562 3607 661 3674 etiarn·
693 3600 869 3671 secuudum
900 3599 1085 3687 Remigium
1133 3623 1217 3677 omo

86 3694 326 3783 intorpretatur.
368 3696 478 3761 Virtus
499 3693 583 3759 euim
604 3691 681 3761 dum
702 3689 808 3755 omnia
837 3685 1053 3775 superaverit,
1089 3697 1123 3752 et
1151 3686 1260 3760 ter-to

87 3799 200 3846 rorem
223 3780 449 3868 amputaverit,
486 3788 719 3866 consequenter
740 3775 858 3840 fatuam
879 3781 1024 3858 generat
1067 3768 1163 3837 Unde
1184 3780 1218 3837 et

88 3863 356 3941 volaredioitur,
377 3865 451 3952 quia
472 3866 558 3932 sarna
579 3862 714 3930 volucris
736 3871 793 3928 est
835 3857 934 3923 Musis
956 3856 1076 3923 sontem
1098 3855 1220 3942 ungula

89 3970 152 4016 soa
175 3952 299 4041 rupisse
319 3951 454 4028 dicitur,
485 3950 573 4017 unde
604 3959 639 4016 et
660 3953 778 4036 potitae
804 3943 933 4021 bibunt,
958 3942 1047 4035 <quia
1082 3941 1235 4011 heroum

89 4034 210 4103 famam
234 4043 350 4126 positae
371 4036 535 4117 materiam
568 4032 729 4104 scribendi
749 4032 877 4099 habant
931 4025 1117 4098 Secundum
1139 4048 1220 4094 nou·

89 4120 194 4188 nullos
223 4134 329 4190 tamen
355 4123 509 4211 Pegasus
533 4119 619 4208 fons
650 4130 820 4186 aeternus
843 4114 1085 4203 interpretatur,
1124 4122 1170 4215 pt.
1186 4111 1262 4213 ints

88 4210 201 4295 tig'ura
230 4208 403 4297 sapientiae
438 4209 578 4301 ponitur.
637 4205 717 4275 ldeo
749 4204 924 4294 pennatum
960 4199 1037 4289 (1¹15a
1067 4205 1221 4286 'alimum
1255 4256 1257 4259 v
