2632 4658
10 39 107 244 {f
239 79 245 107 ¹
371 112 630 216 nympn.
668 108 762 184 eor.
791 108 888 185 eoa.
1121 109 1196 187 aar

12 244 20 333 l
64 294 248 391 Nauplius,
276 297 466 390 enjus'lilins
486 294 694 374 Palamedes,
720 294 854 447 septimo
873 291 978 383 gradu
997 316 1017 367 a
1037 296 1118 365 Belo
1135 286 1225 367 o'rl?
1284 283 1292 399 Ἰ

11 442 17 471 ,.
72 388 181 474 ginem
203 385 341 464 doeens,
369 407 468 475 qnam
494 382 650 450 delectum
672 400 750 471 per¹
785 381 922 448 raeoiam
942 394 1072 469 ageret,
1102 383 1198 453 simu-

10 500 20 539 s
70 473 186 539 lantem
221 471 372 536 insaniam
408 470 533 538 lllixem
569 466 661 534 duxit
691 466 827 535 invitum.
886 468 992 542 Quom
1025 469 1106 543 enirn
1136 470 1198 549 ille,

10 548 15 573 '
66 557 186 647 junctis
219 554 373 622 dissimilis
402 567 533 622 naturae
566 551 763 627 animalibus,
798 549 896 618 salem
927 567 1065 634 sereret,
1100 554 1197 623 filiurn

71 643 98 707 ei
118 641 310 707 Palamedes
332 637 486 735 opposuit
529 637 602 713 Quo
631 637 717 716 viso,
748 636 854 703 Ulixes
883 649 988 704 aratra
1016 640 1220 727 suspendit&

72 726 165 794 etad
187 726 303 792 bellum
326 725 456 805 ductus,
486 725 595 792 habuit
615 722 735 811 justam
759 744 887 789 causam
909 721 1035 800 doloris.
1079 726 1199 795 Postea

91 835 168 879 rrum
197 811 324 883 Ulixes,
363 812 585 878 frumentatum
612 809 724 874 missus
753 807 795 874 ad
815 807 1006 889 Thraciam,
1022 838 1025 845 ·
1041 810 1114 876 nibil
1141 812 1199 876 ad-

10 926 25 972 ·.
70 837 230 978 lusisset,
261 920 281 962 a
308 894 482 962 Palamede
508 907 557 963 est
585 893 788 960 vehansnter
807 893 996 981 increpatus.
1028 894 1083 961 'Et
1101 917 1199 984 quum

69 983 210 1062 diceret,
241 978 325 1044 adeo
353 996 422 1044 ‘eron
455 1000 528 1047 esse
555 978 813 1067 neglegentiam
841 1000 957 1056 anam,
982 1000 1052 1043 nee
1084 980 1199 1078 ipsum

88 1067 225 1145 uidem,
248 1064 279 1128 si
295 1076 474 1152 pergeret,
498 1063 680 1153 quiequam
701 1061 867 1126 advehere
884 1084 1004 1164 posse3
1034 1068 1241 1152 prolectus1⁰

67 1092 258 1218 l’alamedes
275 1149 407 1227 ¹infinita
434 1147 590 1215 frumenta
616 1144 749 1212 advexit
792 1145 865 1221 Qua
885 1146 1000 1213 invidia
1020 1150 1120 1216 auctis
1141 1150 1199 1216 ini-

30 1225 39 1245 *
68 1236 209 1317 minitiis,
229 1234 335 1300 fictam
352 1234 513 1322 epistolam
529 1232 646 1298 Priami
667 1232 791 1297 nomine
806 1230 849 1299 ad
858 1229 1063 1300 Palamedem
1075 1235 1199 1317 direxit,

11 1364 16 1369 -
68 1342 242 1410 perquam
264 1320 385 1407 agebat
405 1319 527 1406 gratias
548 1317 748 1407 proditionis,
780 1329 812 1387 et
831 1320 1116 1401 commemorabat,
1147 1324 1199 1388 se'·

70 1417 193 1474 oretum
222 1407 290 1471 auri
318 1403 442 1493 pondus
471 1426 543 1471 esse
568 1403 799 1482 transmissum,
856 1401 921 1467 nod
958 1401 1047 1473 dedit
1073 1407 1198 1495 captivo

67 1491 230 1582 Trojano,
251 1500 285 1557 et
304 1511 376 1555 eum
396 1489 429 1556 in
448 1489 560 1571 itinere
580 1489 657 1556 feeit
676 1488 788 1553 occidi.
862 1509 921 1554 aee
942 1486 1085 1574 inventa,
1109 1498 1241 1560 morelli

67 1577 193 1645 militiae
212 1575 283 1662 regi
303 1574 408 1643 oblata
427 1587 491 1656 est,
513 1586 546 1642 et
564 1573 647 1641 lecta
668 1573 859 1662 principibus
881 1575 1070 1643 convocatis.
1101 1576 1199 1645 'l'unn

66 1662 173 1739 Ulixes
194 1680 291 1748 quum
312 1682 348 1726 se
368 1658 530 1728 Palamedi
559 1652 783 1736 dissimularet,
818 1658 877 1725 ait:
912 1660 952 1724 Si
979 1682 1098 1726 oerum
1125 1686 1199 1731 esse

66 1770 132 1827 non
161 1744 323 1820 creditis,
359 1745 398 1809 in
430 1743 577 1811 tentorio
609 1744 684 1830 ejus
711 1764 837 1807 aarum
865 1755 1067 1830 quaeratur.
1121 1747 1197 1822 Quo

66 1831 171 1910 laeto,
209 1830 409 1919 inventoque
428 1848 526 1909 auro,
564 1826 650 1915 qaod
678 1827 747 1914 ipse
774 1849 832 1913 per
862 1839 1004 1908 noctem,
1040 1833 1197 1919 corruptis

66 1916 182 1996 servis,
204 1914 430 1988 absoonderat,
450 1911 638 1979 Palamedes
652 1911 805 1999 lapidibus
819 1912 1001 1978 interemtae
1015 1926 1072 1983 est.
1099 1916 1240 1984 Hunoau

66 2011 174 2068 autem
193 2012 318 2069 oonstat
339 2001 435 2067 luisse
455 1997 651 2088 prudentem.
694 1995 776 2062 Nam
805 2009 838 2063 et
860 1997 999 2064 tabulam
1018 1998 1135 2067 invenit
1156 2002 1198 2068 ad

67 2083 321 2174 comprimendas
339 2085 441 2167 ¹otiosi
468 2083 638 2151 seditiones
666 2082 838 2161 exereitus,
870 2092 906 2149 ut
932 2083 1033 2149 Varro
1053 2095 1200 2153 testatur.

70 2168 256 2237 Secundum
281 2170 437 2259 quosdam
463 2169 534 2257 ipse
550 2167 692 2256 repperit
710 2166 849 2243 littereas
877 2189 1031 2255 quaeres
1054 2170 1137 2239 sorte
1153 2172 1199 2261 ‚sit

68 2254 176 2322 dubia.
216 2254 358 2325 'l'aatum
372 2265 494 2323 uenum
513 2265 574 2334 est,
594 2254 668 2344 pal)
688 2252 753 2318 boo
767 2258 838 2319 esse
851 2251 1008 2320 inventum
1024 2277 1096 2324 oum
1116 2259 1200 2346 aspi-

65 2340 198 2409 radone
1203 2363 1240 2413 aa

416 2420 510 2497 201.
563 2423 838 2522 Nauplius.

65 2616 68 2625 ,
104 2604 108 2614 .
151 2546 332 2619 Palamedis
352 2562 458 2620 autem
478 2560 569 2639 pater
588 2548 759 2637 Nauplius,
787 2559 977 2640 Amymones
1004 2565 1038 2621 et
1056 2553 1109 2619 Ne
1132 2557 1218 2621 tuni·

66 2637 168 2715 filios,
198 2635 251 2725 filij
278 2647 380 2704 morte
407 2636 537 2716 dolens,
551 2636 789 2708 ,revertentibus
811 2637 945 2722 Graeeis
967 2652 1041 2726 post
1062 2579 1197 2708 delletam

65 2721 200 2812 Trojam
220 2733 407 2810 tempestate
427 2720 656 2799 laborantibus,
688 2731 825 2788 montem
856 2723 1058 2811 Caphereum
1086 2749 1197 2792 aseen-

65 2807 128 2888 dit,
151 2805 288 2874 ateleto
309 2807 411 2874 lanula
431 2808 557 2893 signnm
581 2803 671 2873 dedit
687 2807 776 2872 sinim
797 2819 914 2894 portus.
953 2808 1049 2876 Unde
1071 2809 1240 2901 deceptiso

10 2952 17 2969 ‚
64 2893 185 2960 Graeci
204 2913 264 2981 per
284 2891 415 2960 rimosos
436 2892 584 2980 scopulos
604 2889 762 2979 pertulere
783 2891 961 2979 naufragia

366 3059 462 3135 202.
514 3063 890 3164 Agamemnon.

150 3188 255 3263 Quum
288 3190 404 3255 Graeci
436 3187 477 3254 ad
509 3188 652 3256 Aulidem
683 3193 856 3272 venissent,
883 3192 1108 3263 ‘tamennon
1138 3218 1195 3264 rex

41 3272 190 3357 ›Dianae
210 3296 333 3340 nervam
354 3273 470 3342 oceidit
493 3275 635 3362 ignarus.
676 3276 772 3343 Unde
796 3280 877 3345 irata
929 3290 999 3348 atus
1030 3293 1195 3349 ventorum

62 3359 206 3437 remouit.
230 3358 463 3433 'Quamobrem
498 3383 594 3448 quum
615 3385 674 3429 neo
696 3363 845 3450 navigare
865 3379 1010 3450 possent,
1038 3379 1072 3434 et
1098 3368 1235 3455 pesti-ea

62 3440 190 3510 lentiam
201 3444 403 3514 sustinerent.
425 3446 566 3512 consulta
586 3446 716 3512 oracula
736 3448 897 3528 dixerunt,
918 3449 1195 3537 Agamemnonio

62 3528 239 3615 sangnine
256 3527 469 3615 placandam
491 3553 563 3595 esse
583 3530 751 3597 Dianam.
800 3533 893 3619 Ergo
913 3554 1009 3636 quum
1031 3536 1071 3601 ab
1092 3534 1193 3616 Ulixe,

84 3611 117 3677 ui
145 3624 216 3679 erat
240 3613 467 3694 astutissimus,
500 3636 558 3701 per
590 3616 768 3716 nuptiarum
796 3617 1024 3685 simulationem
1055 3618 1195 3687 abducta

61 3634 245 3786 lpbigenia,
267 3699 511 3785 Agamemnonis
531 3699 611 3779 filia,
638 3725 701 3789 jam
723 3701 911 3770 immolanda
929 3713 1032 3783 esser,
1059 3706 1191 3772 numinis
1253 3759 1256 3767 .

62 3782 264 3850 mlseralione
290 3784 413 3852 sublata
440 3794 503 3862 est,
537 3796 578 3856 etl
595 3806 689 3849 cerva
710 3788 889 3873 supposita,
922 3800 955 3856 et
974 3790 1124 3858 translata
1145 3790 1230 3857 adso

61 3867 235 3934 Taurinam
263 3870 442 3954 regionem,
475 3869 544 3956 regi
571 3869 711 3938 'Pboanti
739 3872 855 3939 tradita
880 3882 946 3953 est,
978 3875 1192 3962 sacerdosque

62 3950 148 4018 laeta
177 3952 353 4043 Dictynnae
381 3954 513 4022 Dianae.
565 3957 801 4041 Agamemnone
825 3968 930 4025 autem
960 3957 1060 4048 'l'roja
1086 3981 1191 4028 rever-

60 4047 181 4118 tente,‹·
198 4037 431 4128 clytemnestra
457 4059 537 4105 uxor
556 4039 624 4129 ejus
652 4042 766 4110 obtulit
794 4043 823 4108 ei
842 4054 960 4110 restem
983 4042 1050 4109 sine
1068 4047 1192 4134 capitio.

60 4121 167 4195 Quam
190 4144 287 4211 quum
307 4124 439 4194 induere
467 4124 574 4208 vellet,
606 4135 638 4193 et
664 4127 811 4216 ospitium
832 4149 895 4197 nou
914 4126 1053 4197 invenire
1072 4144 1191 4218 posset,
