2632 4658
75 242 79 254 ,
155 206 163 230 s
264 153 510 258 napata.
544 157 615 291 ur.
662 157 733 243 tl.
760 159 944 283 arses·
1104 121 1247 262 aaa

66 320 219 406 ruborerh
257 341 375 428 ingerit
412 363 432 407 e
465 339 597 430 pudoris
631 347 821 433 opprobrio,
865 334 1048 438 pungibpue
1080 353 1204 454 peccati

66 423 190 492 aculeo.
245 427 338 493 Sicut
366 427 448 493 enim
470 449 545 495 rosa
579 429 883 519 delectatquidern,
918 437 975 504 sed
998 437 1094 505 celeri
1114 451 1202 505 motu

65 509 233 598 temporis!
263 510 397 590 tollitur;
433 512 477 579 ita
512 526 544 582 et
581 513 690 591 libido.
751 518 929 589 ,Columbae
958 523 987 589 ei
1009 542 1202 589 consecran-

64 610 137 674 tur,
190 593 256 661 uod
277 596 346 663 illae
368 618 440 663 aves
462 599 517 685 (ut
542 600 690 686 frequens
712 603 828 670 innuit·
843 605 988 694 foetura)
1011 608 1144 675 marimo
1164 609 1197 673 in
1258 681 1263 689 ‚

65 681 151 770 coitu
168 619 315 748 ierridae
343 680 525 750 creduntur.
582 685 727 771 Pingunt
758 711 830 756 eam
857 691 887 755 in
918 694 995 761 mari
1027 704 1224 770 natantem

64 764 141 852 quia
169 765 266 832 libido
294 770 390 833 rebus
428 769 595 855 naufragia
628 772 744 839 inferre
777 796 840 841 non
874 774 1043 846 dubitetur.
1104 777 1200 844 Unde
1273 830 1277 838 .

64 851 175 938 Porph
199 852 263 917 rius
286 852 317 918 in
339 852 582 940 epigrammate:
859 922 862 927 ,
1045 908 1048 913 a

10 946 13 977 ²
147 875 298 1014 dadas,
318 961 442 1026 egena,
476 939 518 1005 V
513 941 626 1004 erreris
647 940 851 1029 catafrcgrrs
872 944 909 1009 irr
929 944 1064 1030 pelago.

63 1020 200 1088 Concha
231 1021 324 1087 etiarn
364 1023 482 1090 marina
523 1027 641 1111 pbrtari
677 1027 853 1113 pingitur,
875 1028 948 1114 quia
986 1029 1050 1094 hoc
1084 1025 1198 1093 animal

62 1117 177 1195 aperto
208 1107 299 1173 simol
336 1110 408 1174 toto'
423 1131 568 1197 corpore
596 1111 628 1176 in
662 1114 748 1181 coitu
776 1114 955 1180 misceatur.
1010 1114 1135 1200 Myrtus
1164 1111 1241 1185 eim·

61 1192 250 1281 deputatur,
283 1184 439 1285 veliquod
460 1194 540 1267 haec
561 1197 657 1264 arbor
684 1199 827 1265 litoribus
855 1197 998 1285 gaudet,
1034 1211 1066 1265 et
1087 1197 1193 1263 Venus
1236 1201 1240 1214 “

61 1279 103 1343 de
126 1277 205 1345 mari
226 1275 342 1344 dicitur
366 1294 549 1366 procreata,
586 1282 633 1347 vel
660 1283 859 1369 quodsalso
888 1284 967 1351 mari
998 1282 1098 1349 vicina
1128 1294 1195 1361 θεὶς

30 1376 94 1441 ,ει
114 1361 217 1431 salsus
239 1376 308 1443 est,
339 1377 374 1430 ut
395 1363 543 1444 diximus,
578 1366 676 1433 sudor
705 1390 800 1454 quem
820 1390 948 1457 semper
972 1366 1054 1434 elicit
1076 1365 1193 1446 coitus3
1302 1403 1304 1412 ·

60 1446 107 1513 vel
129 1445 236 1535 quod,
271 1463 307 1515 ut
327 1448 522 1518 medicorum
542 1451 683 1521 iudicant
703 1452 814 1533 libri,.-
826 1451 919 1523 haec,
936 1454 1032 1519 arhor
1053 1451 1201 1540 piurimis·

59 1533 227 1600 mulierum
259 1536 500 1604 necessitatibus
532 1548 607 1625 apta
627 1551 686 1605 est.
708 1614 714 1622 ,
737 1539 892 1605 Verbenis
913 1539 1073 1625 placatur,
1106 1536 1238 1624 quodue.

58 1619 141 1684 haec
172 1617 273 1684 herba
306 1643 413 1686 semen
450 1644 512 1689 non
547 1624 667 1692 emittit.
703 1624 816 1690 ·Unde
851 1636 941 1700 esta
972 1623 1051 1689 Ara
1077 1622 1195 1686 ‘coatia

57 1705 180 1768 vincto
212 1701 400 1781 verbenis·
434 1708 461 1773 A
492 1708 601 1796 Cypro
635 1704 752 1787 insula,
786 1721 962 1776 aromatum
992 1706 1194 1780 feracissimo,

59 1787 181 1880 Cypria¹
198 1786 333 1869 dicitur,
354 1813 437 1877 quae
457 1792 616 1857 mixtura
637 1792 870 1880 interpretatur.
999 1815 1000 1819 ’

139 1874 173 1939 2.
203 1872 301 1940 Tres
323 1873 351 1939 ei
374 1877 520 1953 Gratiae,
543 1901 625 1962 quae
646 1880 794 1945 Charites
813 1878 979 1952 dicuntur,
1012 1875 1103 1940 tinius
1124 1873 1193 1963 pul-

27 2026 31 2041 „
60 1956 266 2037 chritudinis,
302 1959 458 2027 ¹Pasithea
487 1960 648 2043 videlieet,
692 1964 804 2048 Aglaie
833 1973 866 2029 et
893 1962 1105 2049 Euphrosyne
1136 1958 1236 2032 mi-nn
1278 1986 1283 1997 ·

58 2045 178 2137 nistrae
217 2042 352 2122 dantur,
392 2069 474 2132 quae
513 2047 618 2112 nudae
651 2049 844 2135 pinguntur,
886 2047 960 2134 quia
978 2046 1098 2131 'gratia
1125 2044 1193 2109 sine

58 2128 152 2206 suco,
186 2127 220 2192 id
242 2141 291 2195 est
312 2153 375 2197 non
395 2131 538 2201 simulata
560 2147 592 2200 et
613 2136 706 2211 licta,
745 2132 803 2198 sed
822 2153 903 2221 pura
923 2142 955 2199 et
977 2133 1101 2223 sincera
1121 2151 1193 2194 esse

57 2214 164 2283 debet.
207 2214 382 2282 Conuenae
403 2229 498 2298 sunt,
520 2216 603 2304 'quia
626 2218 806 2286 insolubiles
824 2239 895 2289 esse
915 2215 1067 2295 anteidea
1089 2213 1192 2281 decet

56 2295 154 2365 Unde
172 2299 345 2368 Horatius:
773 2322 777 2330 ’
1027 2359 1038 2372 ,
1112 2352 1119 2365 .

140 2383 337 2474 Segnesque
355 2385 484 2451 nodum
503 2386 632 2473 solvere
654 2387 813 2455 Gratide.
953 2452 958 2461 ,
988 2398 995 2433 ³
1188 2415 1236 2466 as

56 2465 154 2542 Quod
187 2489 262 2535 vero
290 2493 403 2537 aversa
433 2493 513 2549 una,
553 2468 637 2538 duae
665 2495 740 2538 vero
771 2470 977 2558 respicientes
1010 2465 1193 2555 pingantur,
1223 2546 1227 2562 ,

55 2552 138 2619 haec
158 2552 238 2619 ratio
260 2566 325 2630 est,
346 2554 434 2643 quod
454 2555 559 2643 gratia
581 2581 600 2622 a
622 2560 712 2624 nobis
731 2557 861 2646 simplex
885 2550 1047 2654 prolecta,
1076 2552 1194 2655 duplex

55 2637 137 2706 solet
156 2640 288 2713 reverti,
323 2641 458 2707 Veneris
480 2655 512 2707 et
532 2642 643 2708 Liberi
674 2643 822 2709 dicuntur
841 2641 942 2719 filiae,
994 2660 1047 2703 urs
1061 2650 1194 2729 'gratiae

54 2723 251 2812 pachorum
283 2725 353 2792 fere
382 2726 542 2794 numinum
577 2751 725 2807 munera,
760 2727 893 2794 Veneris
913 2662 1078 2803 viddiioet,
1109 2746 1193 2826 quae

56 2808 200 2897 voluptas
222 2820 288 2892 est,
306 2824 342 2880 et
362 2812 490 2892 Liberi,
519 2813 572 2899 qui
593 2815 698 2880 vinum
719 2823 786 2893 est,
816 2810 1000 2900 saepissime
1022 2809 1239 2888 concihah-m·

56 2906 128 2961 tur:
173 2893 407 2984 interpretatur
426 2910 554 2976 autem,
590 2901 673 2982 sicut
706 2898 866 2967 eomihi
888 2895 1052 2983 accepisse
1071 2894 1192 2992 videor,

55 2978 208 3047 Pasithea
237 2981 439 3063 attrahens,
473 2981 586 3069 Aglaie
616 2920 832 3062 domnicatis,
863 2981 1077 3084 Euphrosyne
1105 2991 1193 3043 retr-

55 3086 159 3145 nens3
180 3065 254 3155 quia
273 3066 306 3131 in
329 3066 537 3133 amicitiarum
558 3069 691 3135 obtentu
712 3068 847 3154 primum
861 3066 903 3133 sit
916 3075 1044 3152 rgnotos
1057 3061 1193 3143 allicere,

55 3147 232 3216 secundum
268 3150 639 3219 allectoshlaadimentis
675 3152 890 3242 permulcere,
929 3149 1074 3230 tertium,
1110 3169 1192 3232 quos
1241 3226 1243 3231 ⁴

24 3235 273 3323 ,permulserin
307 3237 461 3326 obsequio
496 3238 641 3307 retinere.
700 3237 827 3313 Venere
859 3247 892 3303 et
927 3234 1059 3305 Baccho
1099 3244 1237 3307 natusss·

11 3324 23 3335 '
55 3321 189 3406 fingitur
216 3323 444 3424 Hymenaeus,
476 3323 568 3413 quia,
605 3334 640 3391 ut
671 3323 715 3390 ait
734 3321 921 3406 Remigius,
955 3320 997 3385 ob
1019 3318 1079 3385 vini
1099 3328 1191 3422 peta-

55 3405 182 3473 lantiam
212 3406 309 3473 libido
338 3409 470 3478 excitari
495 3409 585 3477 solet.
640 3408 765 3476 Dicitur
794 3419 900 3472 autern
933 3404 1065 3471 Graece
1096 3428 1197 3488 appr*

54 3492 257 3572 membrana,
289 3515 372 3580 quae
404 3506 454 3563 est
471 3495 600 3582 propris
626 3493 786 3559 muliebris
807 3514 921 3566 sexus,
961 3489 991 3555 in
1014 3511 1076 3576 qua
1110 3509 1199 3588 ‘uer--

54 3578 145 3664 peria
165 3578 234 3645 fieri
254 3577 420 3648 dicuntun
454 3579 536 3647 Inde
557 3581 763 3669 Hymenaeus
782 3578 964 3664 nuptiarum
986 3574 1070 3641 deus·
1141 3587 1192 3641 tus

55 3676 115 3730 eat.
541 3710 543 3717 ·
1195 3678 1232 3730 40

110 3747 170 3813 Δ3.
213 3747 400 3815 Lactantius
421 3755 527 3813 tamen
558 3747 598 3812 ab
620 3742 753 3815 historia
778 3755 915 3813 tractum
935 3739 1042 3822 dicit,
1062 3752 1099 3811 ut
1117 3741 1189 3832 Hy·
1267 3768 1272 3780 r

55 3854 207 3899 menaeus
228 3833 343 3936 nuptiis
364 3832 497 3920 praesit,
517 3830 606 3920 quod
627 3832 722 3902 etiarn
742 3831 873 3901 Servius
893 3839 1080 3929 attestator..
1112 3827 1189 3894 Fuit

54 3919 139 3984 eninr
165 3919 315 3998 Athenas,
350 3917 466 4007 inquit,
507 3915 692 3987 adolescens
723 3930 832 3986 tauma
859 3912 1115 4020 pulchritudinis,
1153 3924 1190 4014 ut
1232 4006 1235 4011 Ι

54 4002 205 4071 feminam
223 4004 418 4072 mentiretur.
462 4004 559 4070 Hunc
582 4025 680 4092 quum
700 4028 765 4071 una
785 4025 824 4070 en
847 4002 965 4068 onibus
985 4021 1076 4086 vargo
1098 4000 1188 4100 noba·
1280 4041 1285 4053 ν-

53 4090 90 4157 lis
119 4086 318 4169 adamasset,
362 4089 433 4178 ipse
468 4100 575 4155 tamen
616 4090 829 4159 mediocribus
864 4098 953 4154 ortus
974 4156 976 4161 ,
995 4086 1230 4172 percrebuere

54 4176 180 4265 nuptias
213 4174 415 4265 desperabat
478 4176 586 4254 Quum
622 4178 728 4249 autern
753 4175 883 4255 ,Atticae
921 4171 1019 4249 semel
1051 4168 1189 4258 virgines
