<?xml version="1.0" encoding="UTF-8"?>
<!DOCTYPE html PUBLIC "-//W3C//DTD XHTML 1.0 Transitional//EN"
    "http://www.w3.org/TR/xhtml1/DTD/xhtml1-transitional.dtd">
<html xmlns="http://www.w3.org/1999/xhtml" xml:lang="en" lang="en">
 <head>
  <title>
</title>
<meta http-equiv="Content-Type" content="text/html;charset=utf-8" />
  <meta name='ocr-system' content='tesseract 3.04.00' />
  <meta name='ocr-capabilities' content='ocr_page ocr_carea ocr_par ocr_line ocrx_word'/>
</head>
<body>
  <div class='ocr_page' id='page_1' title='image "./scriptoresrereu01bodegoog_0168.png"; bbox 0 0 2632 4658; ppageno 0'>
   <div class='ocr_carea' id='block_1_1' title="bbox 152 96 1196 273">
    <p class='ocr_par' dir='ltr' id='par_1_1' title="bbox 152 96 1196 273">
     <span class='ocr_line' id='line_1_1' title="bbox 152 96 1196 273; baseline -0.003 -32"><span class='ocrx_word' id='word_1_1' title='bbox 152 126 154 133; x_wconf 79' lang='grc'><strong>’</strong></span> <span class='ocrx_word' id='word_1_2' title='bbox 204 212 207 217; x_wconf 58' lang='grc'><strong><em>«</em></strong></span> <span class='ocrx_word' id='word_1_3' title='bbox 337 108 521 273; x_wconf 44' lang='lat' dir='ltr'><strong>nicos.</strong></span> <span class='ocrx_word' id='word_1_4' title='bbox 548 156 627 234; x_wconf 81' lang='grc' dir='ltr'><strong>ιι·</strong></span> <span class='ocrx_word' id='word_1_5' title='bbox 656 96 905 237; x_wconf 73' lang='lat' dir='ltr'><strong>soa-aro.</strong></span> <span class='ocrx_word' id='word_1_6' title='bbox 1104 104 1196 238; x_wconf 80' lang='lat' dir='ltr'><strong>¹css</strong></span> 
     </span>
    </p>
   </div>
   <div class='ocr_carea' id='block_1_2' title="bbox 34 336 1280 774">
    <p class='ocr_par' dir='ltr' id='par_1_2' title="bbox 34 336 1280 774">
     <span class='ocr_line' id='line_1_2' title="bbox 34 336 1195 430; baseline 0.003 -24"><span class='ocrx_word' id='word_1_7' title='bbox 34 336 198 426; x_wconf 87' lang='lat' dir='ltr'><strong>Postea,</strong></span> <span class='ocrx_word' id='word_1_8' title='bbox 228 337 467 408; x_wconf 71' lang='lat' dir='ltr'><strong>discedentibus</strong></span> <span class='ocrx_word' id='word_1_9' title='bbox 487 340 641 420; x_wconf 82' lang='lat' dir='ltr'><strong>Graecis,</strong></span> <span class='ocrx_word' id='word_1_10' title='bbox 663 366 762 429; x_wconf 85' lang='lat' dir='ltr'><strong>quum</strong></span> <span class='ocrx_word' id='word_1_11' title='bbox 783 341 896 409; x_wconf 80' lang='lat' dir='ltr'><strong>vellent</strong></span> <span class='ocrx_word' id='word_1_12' title='bbox 917 341 1051 430; x_wconf 80' lang='lat' dir='ltr'><strong>&#39;Projani</strong></span> <span class='ocrx_word' id='word_1_13' title='bbox 1074 341 1195 410; x_wconf 81' lang='lat' dir='ltr'><strong>sacrib-</strong></span> 
     </span>
     <span class='ocr_line' id='line_1_3' title="bbox 57 425 1196 519; baseline 0.002 -27"><span class='ocrx_word' id='word_1_14' title='bbox 57 446 135 492; x_wconf 88' lang='lat' dir='ltr'><strong>oare</strong></span> <span class='ocrx_word' id='word_1_15' title='bbox 153 425 325 514; x_wconf 85' lang='lat' dir='ltr'><strong>Neptuno&#39;,</strong></span> <span class='ocrx_word' id='word_1_16' title='bbox 347 426 514 505; x_wconf 77' lang='lat' dir='ltr'><strong>Laoobon,</strong></span> <span class='ocrx_word' id='word_1_17' title='bbox 527 429 733 519; x_wconf 72' lang='lat' dir='ltr'><strong>¹&#39;Pbymbraei</strong></span> <span class='ocrx_word' id='word_1_18' title='bbox 753 429 903 518; x_wconf 78' lang='lat' dir='ltr'><strong>Apollinis</strong></span> <span class='ocrx_word' id='word_1_19' title='bbox 923 426 1088 506; x_wconf 72' lang='lat' dir='ltr'><strong>sacerdos,</strong></span> <span class='ocrx_word' id='word_1_20' title='bbox 1108 440 1196 495; x_wconf 89' lang='lat' dir='ltr'><strong>sorte</strong></span> 
     </span>
     <span class='ocr_line' id='line_1_4' title="bbox 55 510 1195 611; baseline 0.003 -35"><span class='ocrx_word' id='word_1_21' title='bbox 55 510 176 578; x_wconf 88' lang='lat' dir='ltr'><strong>ductus</strong></span> <span class='ocrx_word' id='word_1_22' title='bbox 202 522 269 588; x_wconf 81' lang='lat' dir='ltr'><strong>est,</strong></span> <span class='ocrx_word' id='word_1_23' title='bbox 310 522 348 577; x_wconf 89' lang='lat' dir='ltr'><strong>ut</strong></span> <span class='ocrx_word' id='word_1_24' title='bbox 378 510 460 579; x_wconf 86' lang='lat' dir='ltr'><strong>solet</strong></span> <span class='ocrx_word' id='word_1_25' title='bbox 485 513 574 595; x_wconf 83' lang='lat' dir='ltr'><strong>beri,</strong></span> <span class='ocrx_word' id='word_1_26' title='bbox 615 537 713 602; x_wconf 83' lang='lat' dir='ltr'><strong>quum</strong></span> <span class='ocrx_word' id='word_1_27' title='bbox 749 514 841 581; x_wconf 89' lang='lat' dir='ltr'><strong>deest</strong></span> <span class='ocrx_word' id='word_1_28' title='bbox 873 512 1027 580; x_wconf 72' lang='lat' dir='ltr'><strong>sacerdos</strong></span> <span class='ocrx_word' id='word_1_29' title='bbox 1056 514 1195 611; x_wconf 71' lang='lat' dir='ltr'><strong>Cereris.</strong></span> 
     </span>
     <span class='ocr_line' id='line_1_5' title="bbox 55 595 1280 684; baseline -0.002 -21"><span class='ocrx_word' id='word_1_30' title='bbox 55 597 126 663; x_wconf 87' lang='lat' dir='ltr'><strong>Hic</strong></span> <span class='ocrx_word' id='word_1_31' title='bbox 160 595 321 684; x_wconf 73' lang='lat' dir='ltr'><strong>piaculum</strong></span> <span class='ocrx_word' id='word_1_32' title='bbox 357 595 560 667; x_wconf 81' lang='lat' dir='ltr'><strong>commiserat</strong></span> <span class='ocrx_word' id='word_1_33' title='bbox 589 610 664 665; x_wconf 88' lang='lat' dir='ltr'><strong>ante</strong></span> <span class='ocrx_word' id='word_1_34' title='bbox 690 599 896 669; x_wconf 82' lang='lat' dir='ltr'><strong>simulacrum</strong></span> <span class='ocrx_word' id='word_1_35' title='bbox 923 598 1076 678; x_wconf 83' lang='lat' dir='ltr'><strong>numinis,</strong></span> <span class='ocrx_word' id='word_1_36' title='bbox 1121 623 1214 680; x_wconf 85' lang='lat' dir='ltr'><strong>oum·</strong></span> <span class='ocrx_word' id='word_1_37' title='bbox 1268 646 1280 660; x_wconf 76' lang='lat'>.</span> 
     </span>
     <span class='ocr_line' id='line_1_6' title="bbox 53 682 1221 774; baseline 0.007 -28"><span class='ocrx_word' id='word_1_38' title='bbox 53 701 237 750; x_wconf 87' lang='lat' dir='ltr'><strong>nxorerem</strong></span> <span class='ocrx_word' id='word_1_39' title='bbox 257 682 425 765; x_wconf 88' lang='lat' dir='ltr'><strong>babendo;</strong></span> <span class='ocrx_word' id='word_1_40' title='bbox 445 684 479 751; x_wconf 88' lang='lat' dir='ltr'><strong>et</strong></span> <span class='ocrx_word' id='word_1_41' title='bbox 499 686 544 754; x_wconf 91' lang='lat' dir='ltr'><strong>ob</strong></span> <span class='ocrx_word' id='word_1_42' title='bbox 565 685 639 767; x_wconf 90' lang='lat' dir='ltr'><strong>boc,</strong></span> <span class='ocrx_word' id='word_1_43' title='bbox 659 684 805 752; x_wconf 84' lang='lat' dir='ltr'><strong>immissis</strong></span> <span class='ocrx_word' id='word_1_44' title='bbox 817 684 1023 771; x_wconf 79' lang='lat' dir='ltr'><strong>draconibus,</strong></span> <span class='ocrx_word' id='word_1_45' title='bbox 1040 684 1221 774; x_wconf 34' lang='lat' dir='ltr'><strong>‚interemn</strong></span> 
     </span>
    </p>
   </div>
   <div class='ocr_carea' id='block_1_3' title="bbox 413 882 833 1003">
    <p class='ocr_par' dir='ltr' id='par_1_3' title="bbox 413 882 833 1003">
     <span class='ocr_line' id='line_1_7' title="bbox 413 882 833 1003; baseline 0.002 -31"><span class='ocrx_word' id='word_1_46' title='bbox 413 882 510 974; x_wconf 76' lang='lat'><strong>208.</strong></span> <span class='ocrx_word' id='word_1_47' title='bbox 563 895 833 1003; x_wconf 78' lang='lat' dir='ltr'><strong>Pyrrhus.</strong></span> 
     </span>
    </p>
   </div>
   <div class='ocr_carea' id='block_1_4' title="bbox 36 1014 1279 2288">
    <p class='ocr_par' dir='ltr' id='par_1_4' title="bbox 36 1014 1279 2288">
     <span class='ocr_line' id='line_1_8' title="bbox 53 1014 1195 1131; baseline -0.001 -32"><span class='ocrx_word' id='word_1_48' title='bbox 53 1070 58 1078; x_wconf 81' lang='lat'><em>·</em></span> <span class='ocrx_word' id='word_1_49' title='bbox 140 1025 279 1119; x_wconf 72' lang='lat' dir='ltr'><strong>Dericta</strong></span> <span class='ocrx_word' id='word_1_50' title='bbox 305 1036 413 1094; x_wconf 87' lang='lat' dir='ltr'><strong>autem</strong></span> <span class='ocrx_word' id='word_1_51' title='bbox 433 1025 483 1095; x_wconf 75' lang='lat' dir='ltr'><strong>&#39;rr</strong></span> <span class='ocrx_word' id='word_1_52' title='bbox 505 1027 552 1109; x_wconf 72' lang='lat' dir='ltr'><strong>b,</strong></span> <span class='ocrx_word' id='word_1_53' title='bbox 580 1028 725 1131; x_wconf 72' lang='lat' dir='ltr'><strong>Pyrrhus</strong></span> <span class='ocrx_word' id='word_1_54' title='bbox 755 1014 1024 1107; x_wconf 78' lang='lat' dir='ltr'><strong>Andromachen,</strong></span> <span class='ocrx_word' id='word_1_55' title='bbox 1044 1026 1195 1098; x_wconf 83' lang='lat' dir='ltr'><strong>Hectoris</strong></span> 
     </span>
     <span class='ocr_line' id='line_1_9' title="bbox 55 1111 1194 1200; baseline -0.002 -18"><span class='ocrx_word' id='word_1_56' title='bbox 55 1122 210 1194; x_wconf 81' lang='lat' dir='ltr'><strong>uxorem,</strong></span> <span class='ocrx_word' id='word_1_57' title='bbox 235 1136 311 1181; x_wconf 83' lang='lat' dir='ltr'><strong>erun</strong></span> <span class='ocrx_word' id='word_1_58' title='bbox 330 1111 474 1195; x_wconf 87' lang='lat' dir='ltr'><strong>Heleno,</strong></span> <span class='ocrx_word' id='word_1_59' title='bbox 536 1113 624 1180; x_wconf 85' lang='lat' dir='ltr'><strong>riarnr</strong></span> <span class='ocrx_word' id='word_1_60' title='bbox 644 1112 727 1194; x_wconf 88' lang='lat' dir='ltr'><strong>filio,</strong></span> <span class='ocrx_word' id='word_1_61' title='bbox 759 1122 848 1180; x_wconf 91' lang='lat' dir='ltr'><strong>sorte</strong></span> <span class='ocrx_word' id='word_1_62' title='bbox 868 1114 1017 1200; x_wconf 81' lang='lat' dir='ltr'><strong>accepit&#39;</strong></span> <span class='ocrx_word' id='word_1_63' title='bbox 1046 1114 1194 1182; x_wconf 81' lang='lat' dir='ltr'><strong>Consue-</strong></span> 
     </span>
     <span class='ocr_line' id='line_1_10' title="bbox 40 1196 1239 1287; baseline 0.002 -22"><span class='ocrx_word' id='word_1_64' title='bbox 40 1198 138 1265; x_wconf 86' lang='lat' dir='ltr'><strong>&#39;tndo</strong></span> <span class='ocrx_word' id='word_1_65' title='bbox 161 1209 268 1267; x_wconf 88' lang='lat' dir='ltr'><strong>autern</strong></span> <span class='ocrx_word' id='word_1_66' title='bbox 288 1197 382 1287; x_wconf 76' lang='lat' dir='ltr'><strong>regia</strong></span> <span class='ocrx_word' id='word_1_67' title='bbox 402 1196 478 1278; x_wconf 86' lang='lat' dir='ltr'><strong>l&#39;uit,</strong></span> <span class='ocrx_word' id='word_1_68' title='bbox 507 1209 544 1268; x_wconf 91' lang='lat' dir='ltr'><strong>ut</strong></span> <span class='ocrx_word' id='word_1_69' title='bbox 572 1197 746 1287; x_wconf 81' lang='lat' dir='ltr'><strong>legitimam</strong></span> <span class='ocrx_word' id='word_1_70' title='bbox 774 1218 838 1264; x_wconf 90' lang='lat' dir='ltr'><strong>non</strong></span> <span class='ocrx_word' id='word_1_71' title='bbox 867 1196 1020 1265; x_wconf 83' lang='lat' dir='ltr'><strong>babentes</strong></span> <span class='ocrx_word' id='word_1_72' title='bbox 1049 1206 1239 1282; x_wconf 58' lang='lat' dir='ltr'><strong>uxoremst)</strong></span> 
     </span>
     <span class='ocr_line' id='line_1_11' title="bbox 56 1282 1194 1372; baseline 0.002 -22"><span class='ocrx_word' id='word_1_73' title='bbox 56 1283 212 1365; x_wconf 83' lang='lat' dir='ltr'><strong>abnam,</strong></span> <span class='ocrx_word' id='word_1_74' title='bbox 239 1283 314 1350; x_wconf 90' lang='lat' dir='ltr'><strong>licet</strong></span> <span class='ocrx_word' id='word_1_75' title='bbox 335 1282 508 1371; x_wconf 78' lang='lat' dir='ltr'><strong>captivam,</strong></span> <span class='ocrx_word' id='word_1_76' title='bbox 537 1294 645 1351; x_wconf 89' lang='lat' dir='ltr'><strong>tamen</strong></span> <span class='ocrx_word' id='word_1_77' title='bbox 668 1306 727 1372; x_wconf 89' lang='lat' dir='ltr'><strong>pro</strong></span> <span class='ocrx_word' id='word_1_78' title='bbox 751 1283 780 1350; x_wconf 92' lang='lat' dir='ltr'><strong>le</strong></span> <span class='ocrx_word' id='word_1_79' title='bbox 805 1284 891 1350; x_wconf 90' lang='lat' dir='ltr'><strong>itima</strong></span> <span class='ocrx_word' id='word_1_80' title='bbox 911 1282 1083 1366; x_wconf 87' lang='lat' dir='ltr'><strong>baberent;</strong></span> <span class='ocrx_word' id='word_1_81' title='bbox 1112 1284 1194 1352; x_wconf 84' lang='lat' dir='ltr'><strong>adeo</strong></span> 
     </span>
     <span class='ocr_line' id='line_1_12' title="bbox 55 1307 1196 1459; baseline 0 -24"><span class='ocrx_word' id='word_1_82' title='bbox 55 1307 205 1437; x_wconf 71' lang='lat' dir='ltr'><strong>utboni</strong></span> <span class='ocrx_word' id='word_1_83' title='bbox 225 1392 265 1435; x_wconf 87' lang='lat' dir='ltr'><strong>ex</strong></span> <span class='ocrx_word' id='word_1_84' title='bbox 287 1385 331 1436; x_wconf 81' lang='lat' dir='ltr'><strong>ea&#39;</strong></span> <span class='ocrx_word' id='word_1_85' title='bbox 348 1368 413 1437; x_wconf 89' lang='lat' dir='ltr'><strong>nati</strong></span> <span class='ocrx_word' id='word_1_86' title='bbox 433 1367 652 1437; x_wconf 85' lang='lat' dir='ltr'><strong>succederent.</strong></span> <span class='ocrx_word' id='word_1_87' title='bbox 694 1307 841 1458; x_wconf 65' lang='lat' dir='ltr'><strong>Pyrrdus</strong></span> <span class='ocrx_word' id='word_1_88' title='bbox 853 1432 856 1437; x_wconf 82' lang='grc'><strong>,</strong></span> <span class='ocrx_word' id='word_1_89' title='bbox 870 1367 971 1456; x_wconf 82' lang='lat' dir='ltr'><strong>igitur</strong></span> <span class='ocrx_word' id='word_1_90' title='bbox 999 1368 1089 1459; x_wconf 87' lang='lat' dir='ltr'><strong>quasi</strong></span> <span class='ocrx_word' id='word_1_91' title='bbox 1115 1364 1196 1458; x_wconf 80' lang='lat' dir='ltr'><strong>legi-</strong></span> 
     </span>
     <span class='ocr_line' id='line_1_13' title="bbox 56 1453 1220 1545; baseline 0.001 -24"><span class='ocrx_word' id='word_1_92' title='bbox 56 1455 168 1521; x_wconf 85' lang='lat' dir='ltr'><strong>timam</strong></span> <span class='ocrx_word' id='word_1_93' title='bbox 194 1454 278 1521; x_wconf 88' lang='lat' dir='ltr'><strong>banc</strong></span> <span class='ocrx_word' id='word_1_94' title='bbox 305 1453 426 1521; x_wconf 83' lang='lat' dir='ltr'><strong>babuit</strong></span> <span class='ocrx_word' id='word_1_95' title='bbox 452 1453 520 1521; x_wconf 75' lang='lat' dir='ltr'><strong>&#39;Ex</strong></span> <span class='ocrx_word' id='word_1_96' title='bbox 545 1455 614 1545; x_wconf 90' lang='lat' dir='ltr'><strong>ipsa</strong></span> <span class='ocrx_word' id='word_1_97' title='bbox 635 1455 733 1523; x_wconf 88' lang='lat' dir='ltr'><strong>filium</strong></span> <span class='ocrx_word' id='word_1_98' title='bbox 753 1455 930 1521; x_wconf 89' lang='lat' dir='ltr'><strong>Molossum</strong></span> <span class='ocrx_word' id='word_1_99' title='bbox 950 1455 1109 1543; x_wconf 81' lang='lat' dir='ltr'><strong>suscepit,</strong></span> <span class='ocrx_word' id='word_1_100' title='bbox 1141 1457 1220 1544; x_wconf 80' lang='lat' dir='ltr'><strong>qui-</strong></span> 
     </span>
     <span class='ocr_line' id='line_1_14' title="bbox 58 1534 1194 1630; baseline 0.001 -24"><span class='ocrx_word' id='word_1_101' title='bbox 58 1540 216 1608; x_wconf 87' lang='lat' dir='ltr'><strong>sucoessit</strong></span> <span class='ocrx_word' id='word_1_102' title='bbox 234 1539 328 1628; x_wconf 91' lang='lat' dir='ltr'><strong>patri,</strong></span> <span class='ocrx_word' id='word_1_103' title='bbox 350 1562 371 1607; x_wconf 84' lang='lat' dir='ltr'><strong>a</strong></span> <span class='ocrx_word' id='word_1_104' title='bbox 411 1562 455 1605; x_wconf 93' lang='lat' dir='ltr'><strong>uo</strong></span> <span class='ocrx_word' id='word_1_105' title='bbox 474 1538 676 1609; x_wconf 86' lang='lat' dir='ltr'><strong>Molossia</strong></span> <span class='ocrx_word' id='word_1_106' title='bbox 697 1541 783 1608; x_wconf 90' lang='lat' dir='ltr'><strong>diota</strong></span> <span class='ocrx_word' id='word_1_107' title='bbox 803 1549 949 1629; x_wconf 89' lang='lat' dir='ltr'><strong>estpars</strong></span> <span class='ocrx_word' id='word_1_108' title='bbox 973 1534 1076 1627; x_wconf 79' lang='lat' dir='ltr'><strong>Epiri,</strong></span> <span class='ocrx_word' id='word_1_109' title='bbox 1099 1548 1194 1630; x_wconf 87' lang='lat' dir='ltr'><strong>quam</strong></span> 
     </span>
     <span class='ocr_line' id='line_1_15' title="bbox 56 1562 1238 1714; baseline 0.003 -22"><span class='ocrx_word' id='word_1_110' title='bbox 56 1622 204 1693; x_wconf 82' lang='lat' dir='ltr'><strong>Helenus</strong></span> <span class='ocrx_word' id='word_1_111' title='bbox 241 1635 369 1692; x_wconf 84' lang='lat' dir='ltr'><strong>ostenn</strong></span> <span class='ocrx_word' id='word_1_112' title='bbox 390 1562 488 1692; x_wconf 70' lang='lat' dir='ltr'><strong>dratre</strong></span> <span class='ocrx_word' id='word_1_113' title='bbox 506 1627 697 1705; x_wconf 74' lang='lat' dir='ltr'><strong>Chaone,</strong></span> <span class='ocrx_word' id='word_1_114' title='bbox 719 1648 816 1714; x_wconf 86' lang='lat' dir='ltr'><strong>quem</strong></span> <span class='ocrx_word' id='word_1_115' title='bbox 835 1626 870 1690; x_wconf 91' lang='lat' dir='ltr'><strong>in</strong></span> <span class='ocrx_word' id='word_1_116' title='bbox 893 1635 1009 1692; x_wconf 86' lang='lat' dir='ltr'><strong>venatu</strong></span> <span class='ocrx_word' id='word_1_117' title='bbox 1022 1645 1080 1714; x_wconf 87' lang='lat' dir='ltr'><strong>per</strong></span> <span class='ocrx_word' id='word_1_118' title='bbox 1101 1626 1238 1714; x_wconf 80' lang='lat' dir='ltr'><strong>igno-15</strong></span> 
     </span>
     <span class='ocr_line' id='line_1_16' title="bbox 41 1708 1196 1799; baseline 0.003 -24"><span class='ocrx_word' id='word_1_119' title='bbox 41 1711 195 1799; x_wconf 83' lang='lat' dir='ltr'><strong>¹mutiam</strong></span> <span class='ocrx_word' id='word_1_120' title='bbox 237 1708 332 1778; x_wconf 81' lang='lat' dir='ltr'><strong>&#39;citur</strong></span> <span class='ocrx_word' id='word_1_121' title='bbox 352 1709 524 1792; x_wconf 81' lang='lat' dir='ltr'><strong>occidisse,</strong></span> <span class='ocrx_word' id='word_1_122' title='bbox 544 1710 772 1779; x_wconf 81' lang='lat' dir='ltr'><strong>Chaoniam</strong></span> <span class='ocrx_word' id='word_1_123' title='bbox 814 1709 883 1776; x_wconf 91' lang='lat' dir='ltr'><strong>uasi</strong></span> <span class='ocrx_word' id='word_1_124' title='bbox 905 1709 947 1777; x_wconf 93' lang='lat' dir='ltr'><strong>ad</strong></span> <span class='ocrx_word' id='word_1_125' title='bbox 968 1710 1115 1777; x_wconf 88' lang='lat' dir='ltr'><strong>solatium</strong></span> <span class='ocrx_word' id='word_1_126' title='bbox 1132 1713 1196 1778; x_wconf 85' lang='lat' dir='ltr'><strong>lra-</strong></span> 
     </span>
     <span class='ocr_line' id='line_1_17' title="bbox 58 1792 1196 1885; baseline -0.001 -23"><span class='ocrx_word' id='word_1_127' title='bbox 58 1794 117 1862; x_wconf 75' lang='lat' dir='ltr'><strong>tn‘s</strong></span> <span class='ocrx_word' id='word_1_128' title='bbox 147 1792 278 1863; x_wconf 82' lang='lat' dir='ltr'><strong>extincti</strong></span> <span class='ocrx_word' id='word_1_129' title='bbox 300 1796 487 1862; x_wconf 78' lang='lat' dir='ltr'><strong>&#39;norninnvit</strong></span> <span class='ocrx_word' id='word_1_130' title='bbox 530 1793 651 1862; x_wconf 81' lang='lat' dir='ltr'><strong>Postea</strong></span> <span class='ocrx_word' id='word_1_131' title='bbox 683 1820 782 1885; x_wconf 88' lang='lat' dir='ltr'><strong>quum</strong></span> <span class='ocrx_word' id='word_1_132' title='bbox 839 1794 955 1883; x_wconf 86' lang='lat' dir='ltr'><strong>yrrbus</strong></span> <span class='ocrx_word' id='word_1_133' title='bbox 986 1795 1079 1862; x_wconf 80' lang='lat' dir='ltr'><strong>vellet</strong></span> <span class='ocrx_word' id='word_1_134' title='bbox 1110 1797 1196 1863; x_wconf 86' lang='lat' dir='ltr'><strong>Her-</strong></span> 
     </span>
     <span class='ocr_line' id='line_1_18' title="bbox 36 1878 1196 1967; baseline 0.001 -20"><span class='ocrx_word' id='word_1_135' title='bbox 36 1880 208 1962; x_wconf 89' lang='lat' dir='ltr'><strong>-mionen,</strong></span> <span class='ocrx_word' id='word_1_136' title='bbox 248 1878 385 1947; x_wconf 86' lang='lat' dir='ltr'><strong>Menelai</strong></span> <span class='ocrx_word' id='word_1_137' title='bbox 413 1890 447 1947; x_wconf 91' lang='lat' dir='ltr'><strong>et</strong></span> <span class='ocrx_word' id='word_1_138' title='bbox 466 1879 611 1946; x_wconf 84' lang='lat' dir='ltr'><strong>Helenae</strong></span> <span class='ocrx_word' id='word_1_139' title='bbox 632 1883 744 1961; x_wconf 87' lang='lat' dir='ltr'><strong>liliam,</strong></span> <span class='ocrx_word' id='word_1_140' title='bbox 774 1879 883 1946; x_wconf 86' lang='lat' dir='ltr'><strong>Oresti</strong></span> <span class='ocrx_word' id='word_1_141' title='bbox 904 1894 998 1946; x_wconf 89' lang='lat' dir='ltr'><strong>antea</strong></span> <span class='ocrx_word' id='word_1_142' title='bbox 1020 1881 1196 1967; x_wconf 86' lang='lat' dir='ltr'><strong>desponsa-</strong></span> 
     </span>
     <span class='ocr_line' id='line_1_19' title="bbox 58 1964 1279 2055; baseline 0.002 -24"><span class='ocrx_word' id='word_1_143' title='bbox 58 1976 142 2044; x_wconf 85' lang='lat' dir='ltr'><strong>tam,</strong></span> <span class='ocrx_word' id='word_1_144' title='bbox 163 1988 297 2051; x_wconf 81' lang='lat' dir='ltr'><strong>uxorem</strong></span> <span class='ocrx_word' id='word_1_145' title='bbox 318 1966 453 2045; x_wconf 85' lang='lat' dir='ltr'><strong>ducere,</strong></span> <span class='ocrx_word' id='word_1_146' title='bbox 479 1967 520 2030; x_wconf 91' lang='lat' dir='ltr'><strong>ab</strong></span> <span class='ocrx_word' id='word_1_147' title='bbox 545 1967 664 2033; x_wconf 87' lang='lat' dir='ltr'><strong>Oreste</strong></span> <span class='ocrx_word' id='word_1_148' title='bbox 684 1968 716 2031; x_wconf 94' lang='lat' dir='ltr'><strong>in</strong></span> <span class='ocrx_word' id='word_1_149' title='bbox 739 1964 857 2052; x_wconf 89' lang='lat' dir='ltr'><strong>templo</strong></span> <span class='ocrx_word' id='word_1_150' title='bbox 878 1964 1025 2055; x_wconf 83' lang='lat' dir='ltr'><strong>Delphici</strong></span> <span class='ocrx_word' id='word_1_151' title='bbox 1046 1966 1196 2053; x_wconf 80' lang='lat' dir='ltr'><strong>&#39;Apollinis</strong></span> <span class='ocrx_word' id='word_1_152' title='bbox 1273 1982 1279 1991; x_wconf 88' lang='lat'><strong><em>‘</em></strong></span> 
     </span>
     <span class='ocr_line' id='line_1_20' title="bbox 58 2049 1239 2140; baseline 0.002 -25"><span class='ocrx_word' id='word_1_153' title='bbox 58 2051 186 2117; x_wconf 86' lang='lat' dir='ltr'><strong>occisus</strong></span> <span class='ocrx_word' id='word_1_154' title='bbox 207 2063 266 2119; x_wconf 85' lang='lat' dir='ltr'><strong>est</strong></span> <span class='ocrx_word' id='word_1_155' title='bbox 297 2053 420 2119; x_wconf 86' lang='lat' dir='ltr'><strong>Verum</strong></span> <span class='ocrx_word' id='word_1_156' title='bbox 438 2050 578 2117; x_wconf 87' lang='lat' dir='ltr'><strong>moriens</strong></span> <span class='ocrx_word' id='word_1_157' title='bbox 622 2050 780 2140; x_wconf 88' lang='lat' dir='ltr'><strong>raecepit,</strong></span> <span class='ocrx_word' id='word_1_158' title='bbox 800 2059 839 2115; x_wconf 91' lang='lat' dir='ltr'><strong>ut</strong></span> <span class='ocrx_word' id='word_1_159' title='bbox 858 2049 1239 2139; x_wconf 80' lang='lat' dir='ltr'><strong>Andromache,quae20</strong></span> 
     </span>
     <span class='ocr_line' id='line_1_21' title="bbox 58 2075 1197 2288; baseline 0.002 -87"><span class='ocrx_word' id='word_1_160' title='bbox 58 2135 146 2224; x_wconf 88' lang='lat' dir='ltr'><strong>npud</strong></span> <span class='ocrx_word' id='word_1_161' title='bbox 168 2158 243 2203; x_wconf 86' lang='lat' dir='ltr'><strong>eum</strong></span> <span class='ocrx_word' id='word_1_162' title='bbox 263 2137 577 2288; x_wconf 59' lang='lat' dir='ltr'><strong>conjupb·tenuerat</strong></span> <span class='ocrx_word' id='word_1_163' title='bbox 596 2075 721 2218; x_wconf 72' lang='lat' dir='ltr'><strong>boum,</strong></span> <span class='ocrx_word' id='word_1_164' title='bbox 750 2132 877 2202; x_wconf 87' lang='lat' dir='ltr'><strong>Heleno</strong></span> <span class='ocrx_word' id='word_1_165' title='bbox 905 2135 1039 2203; x_wconf 90' lang='lat' dir='ltr'><strong>daretur</strong></span> <span class='ocrx_word' id='word_1_166' title='bbox 1066 2150 1197 2225; x_wconf 84' lang='lat' dir='ltr'><strong>propter</strong></span> 
     </span>
    </p>
   </div>
   <div class='ocr_carea' id='block_1_5' title="bbox 56 2218 1196 2396">
    <p class='ocr_par' dir='ltr' id='par_1_5' title="bbox 56 2218 1196 2396">
     <span class='ocr_line' id='line_1_22' title="bbox 56 2218 1196 2396; baseline 0.004 -110"><span class='ocrx_word' id='word_1_167' title='bbox 56 2218 266 2304; x_wconf 86' lang='lat' dir='ltr'><strong>beneficium,</strong></span> <span class='ocrx_word' id='word_1_168' title='bbox 287 2246 353 2311; x_wconf 90' lang='lat' dir='ltr'><strong>quo</strong></span> <span class='ocrx_word' id='word_1_169' title='bbox 397 2244 471 2289; x_wconf 93' lang='lat' dir='ltr'><strong>eum</strong></span> <span class='ocrx_word' id='word_1_170' title='bbox 491 2247 512 2290; x_wconf 92' lang='lat' dir='ltr'><strong>a</strong></span> <span class='ocrx_word' id='word_1_171' title='bbox 532 2222 735 2312; x_wconf 78' lang='lat' dir='ltr'><strong>navigatione</strong></span> <span class='ocrx_word' id='word_1_172' title='bbox 752 2220 979 2396; x_wconf 78' lang='lat' dir='ltr'><strong>prohibuerat,</strong></span> <span class='ocrx_word' id='word_1_173' title='bbox 1007 2220 1196 2310; x_wconf 79' lang='lat' dir='ltr'><strong>praedicens</strong></span> 
     </span>
    </p>
   </div>
   <div class='ocr_carea' id='block_1_6' title="bbox 57 2304 1195 2488">
    <p class='ocr_par' dir='ltr' id='par_1_6' title="bbox 57 2304 1195 2488">
     <span class='ocr_line' id='line_1_23' title="bbox 57 2304 1195 2396; baseline 0.005 -25"><span class='ocrx_word' id='word_1_174' title='bbox 57 2304 119 2390; x_wconf 87' lang='lat' dir='ltr'><strong>illi,</strong></span> <span class='ocrx_word' id='word_1_175' title='bbox 138 2329 249 2388; x_wconf 80' lang='lat' dir='ltr'><strong>omnes</strong></span> <span class='ocrx_word' id='word_1_176' title='bbox 270 2309 417 2375; x_wconf 83' lang='lat' dir='ltr'><strong>Graecos</strong></span> <span class='ocrx_word' id='word_1_177' title='bbox 438 2305 545 2396; x_wconf 82' lang='lat' dir='ltr'><strong>(quod</strong></span> <span class='ocrx_word' id='word_1_178' title='bbox 564 2320 597 2377; x_wconf 89' lang='lat' dir='ltr'><strong>et</strong></span> <span class='ocrx_word' id='word_1_179' title='bbox 608 2308 751 2396; x_wconf 83' lang='lat' dir='ltr'><strong>&#39;contigit</strong></span> <span class='ocrx_word' id='word_1_180' title='bbox 792 2305 1054 2394; x_wconf 62' lang='lat' dir='ltr'><strong>naufragioso</strong></span> <span class='ocrx_word' id='word_1_181' title='bbox 1074 2306 1195 2395; x_wconf 90' lang='lat' dir='ltr'><strong>peritu-</strong></span> 
     </span>
     <span class='ocr_line' id='line_1_24' title="bbox 57 2388 1134 2488; baseline 0.002 -30"><span class='ocrx_word' id='word_1_182' title='bbox 57 2408 124 2460; x_wconf 85' lang='lat' dir='ltr'><strong>ros.</strong></span> <span class='ocrx_word' id='word_1_183' title='bbox 164 2390 246 2460; x_wconf 89' lang='lat' dir='ltr'><strong>Inde</strong></span> <span class='ocrx_word' id='word_1_184' title='bbox 262 2392 384 2462; x_wconf 83' lang='lat' dir='ltr'><strong>lactum</strong></span> <span class='ocrx_word' id='word_1_185' title='bbox 412 2403 469 2474; x_wconf 92' lang='lat' dir='ltr'><strong>ut,</strong></span> <span class='ocrx_word' id='word_1_186' title='bbox 488 2403 616 2465; x_wconf 88' lang='lat' dir='ltr'><strong>mortno</strong></span> <span class='ocrx_word' id='word_1_187' title='bbox 634 2396 783 2488; x_wconf 80' lang='lat' dir='ltr'><strong>Pyrrho,</strong></span> <span class='ocrx_word' id='word_1_188' title='bbox 803 2388 949 2460; x_wconf 85' lang='lat' dir='ltr'><strong>Helenus</strong></span> <span class='ocrx_word' id='word_1_189' title='bbox 970 2402 1134 2480; x_wconf 79' lang='lat' dir='ltr'><strong>regnaret.</strong></span> 
     </span>
    </p>
   </div>
   <div class='ocr_carea' id='block_1_7' title="bbox 246 2516 1308 2666">
    <p class='ocr_par' dir='ltr' id='par_1_7' title="bbox 142 2516 1308 2666">
     <span class='ocr_line' id='line_1_25' title="bbox 246 2516 1308 2666; baseline 0.001 -26.911"><span class='ocrx_word' id='word_1_190' title='bbox 246 2559 345 2640; x_wconf 88' lang='grc'><strong>209.</strong></span> <span class='ocrx_word' id='word_1_191' title='bbox 399 2562 1003 2666; x_wconf 71' lang='lat' dir='ltr'><strong>HecubaetPol&#39;ymestor.</strong></span> <span class='ocrx_word' id='word_1_192' title='bbox 1202 2589 1239 2640; x_wconf 81' lang='lat' dir='ltr'><strong>aa</strong></span> <span class='ocrx_word' id='word_1_193' title='bbox 1305 2516 1308 2520; x_wconf 93' lang='lat'><em>-</em></span> 
     </span>
    </p>
   </div>
   <div class='ocr_carea' id='block_1_8' title="bbox 15 2687 1286 3890">
    <p class='ocr_par' dir='ltr' id='par_1_8' title="bbox 15 2687 1286 3890">
     <span class='ocr_line' id='line_1_26' title="bbox 144 2687 1235 2785; baseline -0.004 -27"><span class='ocrx_word' id='word_1_194' title='bbox 144 2690 275 2769; x_wconf 86' lang='lat' dir='ltr'><strong>Praeda</strong></span> <span class='ocrx_word' id='word_1_195' title='bbox 301 2693 401 2783; x_wconf 83' lang='lat' dir='ltr'><strong>igitur</strong></span> <span class='ocrx_word' id='word_1_196' title='bbox 427 2705 543 2785; x_wconf 89' lang='lat' dir='ltr'><strong>captae</strong></span> <span class='ocrx_word' id='word_1_197' title='bbox 570 2693 693 2781; x_wconf 75' lang='lat' dir='ltr'><strong>&#39;l&#39;rojae</strong></span> <span class='ocrx_word' id='word_1_198' title='bbox 714 2692 841 2773; x_wconf 87' lang='lat' dir='ltr'><strong>divisa,</strong></span> <span class='ocrx_word' id='word_1_199' title='bbox 881 2692 1039 2772; x_wconf 86' lang='lat' dir='ltr'><strong>Hecuba,</strong></span> <span class='ocrx_word' id='word_1_200' title='bbox 1076 2687 1197 2756; x_wconf 82' lang='lat' dir='ltr'><strong>Priami</strong></span> <span class='ocrx_word' id='word_1_201' title='bbox 1231 2741 1235 2747; x_wconf 92' lang='lat'><em>.</em></span> 
     </span>
     <span class='ocr_line' id='line_1_27' title="bbox 15 2774 1198 2873; baseline -0.001 -32"><span class='ocrx_word' id='word_1_202' title='bbox 15 2810 30 2823; x_wconf 75' lang='lat'><strong>.,</strong></span> <span class='ocrx_word' id='word_1_203' title='bbox 59 2776 194 2873; x_wconf 86' lang='lat' dir='ltr'><strong>conjux,</strong></span> <span class='ocrx_word' id='word_1_204' title='bbox 221 2778 305 2845; x_wconf 88' lang='lat' dir='ltr'><strong>Ulixi</strong></span> <span class='ocrx_word' id='word_1_205' title='bbox 334 2792 421 2849; x_wconf 87' lang='lat' dir='ltr'><strong>sorte</strong></span> <span class='ocrx_word' id='word_1_206' title='bbox 441 2782 555 2848; x_wconf 74' lang='lat' dir='ltr'><strong>&#39;cessit</strong></span> <span class='ocrx_word' id='word_1_207' title='bbox 595 2780 689 2853; x_wconf 83' lang='lat' dir='ltr'><strong>Quae</strong></span> <span class='ocrx_word' id='word_1_208' title='bbox 710 2779 880 2845; x_wconf 78' lang='lat' dir='ltr'><strong>novissime</strong></span> <span class='ocrx_word' id='word_1_209' title='bbox 900 2774 1126 2844; x_wconf 84' lang='lat' dir='ltr'><strong>acerbitatibus</strong></span> <span class='ocrx_word' id='word_1_210' title='bbox 1149 2775 1198 2840; x_wconf 90' lang='lat' dir='ltr'><strong>in-</strong></span> 
     </span>
     <span class='ocr_line' id='line_1_28' title="bbox 59 2861 1196 2956; baseline -0.003 -28"><span class='ocrx_word' id='word_1_211' title='bbox 59 2864 172 2930; x_wconf 89' lang='lat' dir='ltr'><strong>teritus</strong></span> <span class='ocrx_word' id='word_1_212' title='bbox 195 2863 392 2954; x_wconf 77' lang='lat' dir='ltr'><strong>Astyanactis</strong></span> <span class='ocrx_word' id='word_1_213' title='bbox 418 2878 451 2934; x_wconf 90' lang='lat' dir='ltr'><strong>et</strong></span> <span class='ocrx_word' id='word_1_214' title='bbox 470 2867 671 2956; x_wconf 77' lang='lat' dir='ltr'><strong>Polyxenus,</strong></span> <span class='ocrx_word' id='word_1_215' title='bbox 690 2861 723 2928; x_wconf 92' lang='lat' dir='ltr'><strong>in</strong></span> <span class='ocrx_word' id='word_1_216' title='bbox 745 2867 839 2930; x_wconf 90' lang='lat' dir='ltr'><strong>busto</strong></span> <span class='ocrx_word' id='word_1_217' title='bbox 854 2864 978 2930; x_wconf 87' lang='lat' dir='ltr'><strong>llcbillis</strong></span> <span class='ocrx_word' id='word_1_218' title='bbox 995 2863 1196 2939; x_wconf 84' lang='lat' dir='ltr'><strong>interemtos,</strong></span> 
     </span>
     <span class='ocr_line' id='line_1_29' title="bbox 58 2945 1195 3037; baseline -0.004 -24"><span class='ocrx_word' id='word_1_219' title='bbox 58 2969 226 3027; x_wconf 86' lang='lat' dir='ltr'><strong>maerens,</strong></span> <span class='ocrx_word' id='word_1_220' title='bbox 258 2974 357 3037; x_wconf 88' lang='lat' dir='ltr'><strong>quum</strong></span> <span class='ocrx_word' id='word_1_221' title='bbox 387 2951 423 3017; x_wconf 91' lang='lat' dir='ltr'><strong>in</strong></span> <span class='ocrx_word' id='word_1_222' title='bbox 452 2953 553 3017; x_wconf 88' lang='lat' dir='ltr'><strong>classe</strong></span> <span class='ocrx_word' id='word_1_223' title='bbox 581 2949 743 3017; x_wconf 82' lang='lat' dir='ltr'><strong>&#39;Pbraciae</strong></span> <span class='ocrx_word' id='word_1_224' title='bbox 764 2960 850 3016; x_wconf 90' lang='lat' dir='ltr'><strong>esset</strong></span> <span class='ocrx_word' id='word_1_225' title='bbox 875 2946 1028 3037; x_wconf 84' lang='lat' dir='ltr'><strong>appulsa,</strong></span> <span class='ocrx_word' id='word_1_226' title='bbox 1066 2945 1195 3032; x_wconf 85' lang='lat' dir='ltr'><strong>reliquis</strong></span> 
     </span>
     <span class='ocr_line' id='line_1_30' title="bbox 58 3028 1239 3125; baseline -0.003 -28"><span class='ocrx_word' id='word_1_227' title='bbox 58 3030 168 3099; x_wconf 90' lang='lat' dir='ltr'><strong>liberis</strong></span> <span class='ocrx_word' id='word_1_228' title='bbox 198 3035 294 3115; x_wconf 90' lang='lat' dir='ltr'><strong>orba,</strong></span> <span class='ocrx_word' id='word_1_229' title='bbox 323 3036 521 3125; x_wconf 87' lang='lat' dir='ltr'><strong>Polydorum</strong></span> <span class='ocrx_word' id='word_1_230' title='bbox 541 3035 640 3101; x_wconf 84' lang='lat' dir='ltr'><strong>lilium</strong></span> <span class='ocrx_word' id='word_1_231' title='bbox 657 3057 768 3114; x_wconf 90' lang='lat' dir='ltr'><strong>suum,</strong></span> <span class='ocrx_word' id='word_1_232' title='bbox 797 3033 1012 3124; x_wconf 86' lang='lat' dir='ltr'><strong>Polymestori</strong></span> <span class='ocrx_word' id='word_1_233' title='bbox 1032 3028 1239 3104; x_wconf 73' lang='lat' dir='ltr'><strong>&#39;l&#39;braoiaeso</strong></span> 
     </span>
     <span class='ocr_line' id='line_1_31' title="bbox 57 3112 1197 3206; baseline -0.002 -24"><span class='ocrx_word' id='word_1_234' title='bbox 57 3112 235 3204; x_wconf 80' lang='lat' dir='ltr'><strong>regi-clam</strong></span> <span class='ocrx_word' id='word_1_235' title='bbox 256 3123 474 3202; x_wconf 87' lang='lat' dir='ltr'><strong>commissum,</strong></span> <span class='ocrx_word' id='word_1_236' title='bbox 501 3121 691 3188; x_wconf 91' lang='lat' dir='ltr'><strong>incolumem</strong></span> <span class='ocrx_word' id='word_1_237' title='bbox 712 3142 842 3186; x_wconf 88' lang='lat' dir='ltr'><strong>manere</strong></span> <span class='ocrx_word' id='word_1_238' title='bbox 867 3117 945 3186; x_wconf 90' lang='lat' dir='ltr'><strong>dum</strong></span> <span class='ocrx_word' id='word_1_239' title='bbox 966 3118 1135 3206; x_wconf 85' lang='lat' dir='ltr'><strong>sperabat,</strong></span> <span class='ocrx_word' id='word_1_240' title='bbox 1164 3115 1197 3180; x_wconf 93' lang='lat' dir='ltr'><strong>in</strong></span> 
     </span>
     <span class='ocr_line' id='line_1_32' title="bbox 57 3199 1197 3294; baseline -0.005 -25"><span class='ocrx_word' id='word_1_241' title='bbox 57 3199 153 3269; x_wconf 89' lang='lat' dir='ltr'><strong>litore</strong></span> <span class='ocrx_word' id='word_1_242' title='bbox 173 3225 247 3269; x_wconf 93' lang='lat' dir='ltr'><strong>eum</strong></span> <span class='ocrx_word' id='word_1_243' title='bbox 269 3229 475 3294; x_wconf 82' lang='lat' dir='ltr'><strong>exsanguem,</strong></span> <span class='ocrx_word' id='word_1_244' title='bbox 495 3206 647 3274; x_wconf 89' lang='lat' dir='ltr'><strong>fluctibus</strong></span> <span class='ocrx_word' id='word_1_245' title='bbox 669 3205 702 3271; x_wconf 93' lang='lat' dir='ltr'><strong>iu</strong></span> <span class='ocrx_word' id='word_1_246' title='bbox 725 3215 844 3275; x_wconf 88' lang='lat' dir='ltr'><strong>terram</strong></span> <span class='ocrx_word' id='word_1_247' title='bbox 865 3204 1021 3294; x_wconf 84' lang='lat' dir='ltr'><strong>ejectum,</strong></span> <span class='ocrx_word' id='word_1_248' title='bbox 1053 3199 1197 3268; x_wconf 89' lang='lat' dir='ltr'><strong>animad-</strong></span> 
     </span>
     <span class='ocr_line' id='line_1_33' title="bbox 57 3285 1286 3381; baseline -0.003 -29"><span class='ocrx_word' id='word_1_249' title='bbox 57 3288 163 3355; x_wconf 80' lang='lat' dir='ltr'><strong>vortit</strong></span> <span class='ocrx_word' id='word_1_250' title='bbox 204 3287 406 3381; x_wconf 86' lang='lat' dir='ltr'><strong>Polymestor</strong></span> <span class='ocrx_word' id='word_1_251' title='bbox 438 3291 523 3374; x_wconf 85' lang='lat' dir='ltr'><strong>enim</strong></span> <span class='ocrx_word' id='word_1_252' title='bbox 553 3301 684 3381; x_wconf 87' lang='lat' dir='ltr'><strong>propter</strong></span> <span class='ocrx_word' id='word_1_253' title='bbox 713 3306 845 3371; x_wconf 80' lang='lat' dir='ltr'><strong>numm,</strong></span> <span class='ocrx_word' id='word_1_254' title='bbox 878 3287 968 3379; x_wconf 89' lang='lat' dir='ltr'><strong>quod</strong></span> <span class='ocrx_word' id='word_1_255' title='bbox 998 3289 1040 3355; x_wconf 92' lang='lat' dir='ltr'><strong>ab</strong></span> <span class='ocrx_word' id='word_1_256' title='bbox 1075 3285 1197 3352; x_wconf 81' lang='lat' dir='ltr'><strong>infante</strong></span> <span class='ocrx_word' id='word_1_257' title='bbox 1251 3339 1255 3345; x_wconf 94' lang='lat'>.</span> <span class='ocrx_word' id='word_1_258' title='bbox 1282 3322 1286 3331; x_wconf 87' lang='lat'><strong>·</strong></span> 
     </span>
     <span class='ocr_line' id='line_1_34' title="bbox 56 3368 1196 3463; baseline -0.004 -24"><span class='ocrx_word' id='word_1_259' title='bbox 56 3371 224 3463; x_wconf 82' lang='lat' dir='ltr'><strong>Polydoro</strong></span> <span class='ocrx_word' id='word_1_260' title='bbox 244 3379 303 3443; x_wconf 87' lang='lat' dir='ltr'><strong>sibi</strong></span> <span class='ocrx_word' id='word_1_261' title='bbox 322 3378 474 3445; x_wconf 90' lang='lat' dir='ltr'><strong>traditum</strong></span> <span class='ocrx_word' id='word_1_262' title='bbox 497 3379 618 3456; x_wconf 86' lang='lat' dir='ltr'><strong>luerat,</strong></span> <span class='ocrx_word' id='word_1_263' title='bbox 639 3377 771 3442; x_wconf 86' lang='lat' dir='ltr'><strong>avaritia</strong></span> <span class='ocrx_word' id='word_1_264' title='bbox 795 3377 912 3442; x_wconf 88' lang='lat' dir='ltr'><strong>ductus</strong></span> <span class='ocrx_word' id='word_1_265' title='bbox 933 3396 1007 3439; x_wconf 90' lang='lat' dir='ltr'><strong>eum</strong></span> <span class='ocrx_word' id='word_1_266' title='bbox 1025 3368 1196 3444; x_wconf 82' lang='lat' dir='ltr'><strong>interfecit,</strong></span> 
     </span>
     <span class='ocr_line' id='line_1_35' title="bbox 58 3453 1237 3562; baseline -0.004 -37"><span class='ocrx_word' id='word_1_267' title='bbox 58 3469 93 3525; x_wconf 91' lang='lat' dir='ltr'><strong>et</strong></span> <span class='ocrx_word' id='word_1_268' title='bbox 112 3469 151 3526; x_wconf 91' lang='lat' dir='ltr'><strong>ut</strong></span> <span class='ocrx_word' id='word_1_269' title='bbox 172 3458 294 3529; x_wconf 84' lang='lat' dir='ltr'><strong>lacinus</strong></span> <span class='ocrx_word' id='word_1_270' title='bbox 323 3463 497 3544; x_wconf 88' lang='lat' dir='ltr'><strong>celaretur,</strong></span> <span class='ocrx_word' id='word_1_271' title='bbox 530 3464 562 3528; x_wconf 90' lang='lat' dir='ltr'><strong>in</strong></span> <span class='ocrx_word' id='word_1_272' title='bbox 593 3461 790 3549; x_wconf 82' lang='lat' dir='ltr'><strong>profundum</strong></span> <span class='ocrx_word' id='word_1_273' title='bbox 816 3457 1044 3562; x_wconf 83' lang='lat' dir='ltr'><strong>praecipitarit</strong></span> <span class='ocrx_word' id='word_1_274' title='bbox 1098 3453 1237 3557; x_wconf 74' lang='lat' dir='ltr'><strong>Quod35</strong></span> 
     </span>
     <span class='ocr_line' id='line_1_36' title="bbox 56 3540 1197 3636; baseline -0.006 -26"><span class='ocrx_word' id='word_1_275' title='bbox 56 3543 199 3613; x_wconf 84' lang='lat' dir='ltr'><strong>Hecuba</strong></span> <span class='ocrx_word' id='word_1_276' title='bbox 212 3550 421 3636; x_wconf 88' lang='lat' dir='ltr'><strong>comperiens,</strong></span> <span class='ocrx_word' id='word_1_277' title='bbox 444 3573 480 3615; x_wconf 90' lang='lat' dir='ltr'><strong>se</strong></span> <span class='ocrx_word' id='word_1_278' title='bbox 491 3546 533 3614; x_wconf 92' lang='lat' dir='ltr'><strong>ad</strong></span> <span class='ocrx_word' id='word_1_279' title='bbox 546 3568 658 3634; x_wconf 77' lang='lat' dir='ltr'><strong>regem</strong></span> <span class='ocrx_word' id='word_1_280' title='bbox 670 3545 850 3612; x_wconf 79' lang='lat' dir='ltr'><strong>transmisit.</strong></span> <span class='ocrx_word' id='word_1_281' title='bbox 888 3541 1060 3633; x_wconf 74' lang='lat' dir='ltr'><strong>Tyrannus</strong></span> <span class='ocrx_word' id='word_1_282' title='bbox 1073 3560 1147 3606; x_wconf 87' lang='lat' dir='ltr'><strong>vero</strong></span> <span class='ocrx_word' id='word_1_283' title='bbox 1163 3540 1197 3604; x_wconf 87' lang='lat' dir='ltr'><strong>rd</strong></span> 
     </span>
     <span class='ocr_line' id='line_1_37' title="bbox 58 3626 1197 3724; baseline -0.004 -29"><span class='ocrx_word' id='word_1_284' title='bbox 58 3651 133 3697; x_wconf 89' lang='lat' dir='ltr'><strong>esse</strong></span> <span class='ocrx_word' id='word_1_285' title='bbox 153 3631 332 3699; x_wconf 87' lang='lat' dir='ltr'><strong>existimans</strong></span> <span class='ocrx_word' id='word_1_286' title='bbox 359 3635 479 3724; x_wconf 87' lang='lat' dir='ltr'><strong>petenti</strong></span> <span class='ocrx_word' id='word_1_287' title='bbox 507 3642 687 3707; x_wconf 89' lang='lat' dir='ltr'><strong>secretum,</strong></span> <span class='ocrx_word' id='word_1_288' title='bbox 709 3629 799 3697; x_wconf 86' lang='lat' dir='ltr'><strong>dedit</strong></span> <span class='ocrx_word' id='word_1_289' title='bbox 820 3628 1022 3716; x_wconf 90' lang='lat' dir='ltr'><strong>colloquium.</strong></span> <span class='ocrx_word' id='word_1_290' title='bbox 1057 3626 1197 3693; x_wconf 86' lang='lat' dir='ltr'><strong>Hecuba</strong></span> 
     </span>
     <span class='ocr_line' id='line_1_38' title="bbox 59 3713 1196 3805; baseline -0.004 -24"><span class='ocrx_word' id='word_1_291' title='bbox 59 3725 169 3782; x_wconf 89' lang='lat' dir='ltr'><strong>autem</strong></span> <span class='ocrx_word' id='word_1_292' title='bbox 189 3717 219 3782; x_wconf 90' lang='lat' dir='ltr'><strong>ei</strong></span> <span class='ocrx_word' id='word_1_293' title='bbox 239 3716 358 3785; x_wconf 87' lang='lat' dir='ltr'><strong>lumina</strong></span> <span class='ocrx_word' id='word_1_294' title='bbox 380 3719 516 3786; x_wconf 80' lang='lat' dir='ltr'><strong>abstulit</strong></span> <span class='ocrx_word' id='word_1_295' title='bbox 553 3718 661 3795; x_wconf 81' lang='lat' dir='ltr'><strong>Quam</strong></span> <span class='ocrx_word' id='word_1_296' title='bbox 681 3713 830 3784; x_wconf 77' lang='lat' dir='ltr'><strong>Thraces</strong></span> <span class='ocrx_word' id='word_1_297' title='bbox 852 3714 930 3782; x_wconf 91' lang='lat' dir='ltr'><strong>dum</strong></span> <span class='ocrx_word' id='word_1_298' title='bbox 949 3720 1196 3805; x_wconf 82' lang='lat' dir='ltr'><strong>persequuntur,</strong></span> 
     </span>
     <span class='ocr_line' id='line_1_39' title="bbox 57 3799 1135 3890; baseline -0.011 -15"><span class='ocrx_word' id='word_1_299' title='bbox 57 3799 361 3890; x_wconf 74' lang='lat' dir='ltr'><strong>bmmsfiguram</strong></span> <span class='ocrx_word' id='word_1_300' title='bbox 381 3826 474 3871; x_wconf 84' lang='lat' dir='ltr'><strong>versa</strong></span> <span class='ocrx_word' id='word_1_301' title='bbox 495 3825 567 3871; x_wconf 91' lang='lat' dir='ltr'><strong>esse</strong></span> <span class='ocrx_word' id='word_1_302' title='bbox 588 3800 734 3883; x_wconf 86' lang='lat' dir='ltr'><strong>dicitur.¹</strong></span> <span class='ocrx_word' id='word_1_303' title='bbox 1039 3818 1042 3823; x_wconf 89' lang='lat'>·</span> <span class='ocrx_word' id='word_1_304' title='bbox 1129 3803 1135 3825; x_wconf 92' lang='lat'><em>&#39;</em></span> 
     </span>
    </p>
   </div>
   <div class='ocr_carea' id='block_1_9' title="bbox 382 3961 1239 4048">
    <p class='ocr_par' dir='ltr' id='par_1_9' title="bbox 382 3961 1239 4048">
     <span class='ocr_line' id='line_1_40' title="bbox 382 3961 1239 4048; baseline -0.014 0"><span class='ocrx_word' id='word_1_305' title='bbox 382 3961 495 4048; x_wconf 71' lang='grc' dir='ltr'><strong>21οῘ</strong></span> <span class='ocrx_word' id='word_1_306' title='bbox 529 3961 871 4048; x_wconf 79' lang='lat' dir='ltr'><strong>Idomeneus.</strong></span> <span class='ocrx_word' id='word_1_307' title='bbox 970 4019 972 4023; x_wconf 28' lang='grc' dir='ltr'>ι</span> <span class='ocrx_word' id='word_1_308' title='bbox 1204 3985 1239 4037; x_wconf 76' lang='lat' dir='ltr'><strong>lo</strong></span> 
     </span>
    </p>
   </div>
   <div class='ocr_carea' id='block_1_10' title="bbox 23 4089 1295 4279">
    <p class='ocr_par' dir='ltr' id='par_1_10' title="bbox 23 4089 1295 4279">
     <span class='ocr_line' id='line_1_41' title="bbox 143 4089 1194 4189; baseline -0.01 -23"><span class='ocrx_word' id='word_1_309' title='bbox 143 4099 354 4183; x_wconf 90' lang='lat' dir='ltr'><strong>Idomeneus,</strong></span> <span class='ocrx_word' id='word_1_310' title='bbox 385 4101 589 4170; x_wconf 81' lang='lat' dir='ltr'><strong>Cretensium</strong></span> <span class='ocrx_word' id='word_1_311' title='bbox 616 4121 691 4181; x_wconf 83' lang='lat' dir='ltr'><strong>rex,</strong></span> <span class='ocrx_word' id='word_1_312' title='bbox 721 4119 821 4189; x_wconf 90' lang='lat' dir='ltr'><strong>quum</strong></span> <span class='ocrx_word' id='word_1_313' title='bbox 847 4104 930 4184; x_wconf 88' lang='lat' dir='ltr'><strong>post·</strong></span> <span class='ocrx_word' id='word_1_314' title='bbox 942 4113 1086 4162; x_wconf 76' lang='lat' dir='ltr'><strong>eversam</strong></span> <span class='ocrx_word' id='word_1_315' title='bbox 1109 4089 1194 4158; x_wconf 79' lang='lat' dir='ltr'><strong>&#39;Pro-</strong></span> 
     </span>
     <span class='ocr_line' id='line_1_42' title="bbox 23 4181 1295 4279; baseline -0.01 -27"><span class='ocrx_word' id='word_1_316' title='bbox 23 4182 119 4271; x_wconf 63' lang='lat' dir='ltr'><strong>iam</strong></span> <span class='ocrx_word' id='word_1_317' title='bbox 151 4198 385 4270; x_wconf 80' lang='lat' dir='ltr'><strong>reverteretur,</strong></span> <span class='ocrx_word' id='word_1_318' title='bbox 424 4188 551 4255; x_wconf 74' lang='lat' dir='ltr'><strong>devovit</strong></span> <span class='ocrx_word' id='word_1_319' title='bbox 590 4196 723 4279; x_wconf 88' lang='lat' dir='ltr'><strong>propter</strong></span> <span class='ocrx_word' id='word_1_320' title='bbox 756 4181 932 4250; x_wconf 89' lang='lat' dir='ltr'><strong>sedandam</strong></span> <span class='ocrx_word' id='word_1_321' title='bbox 963 4188 1197 4268; x_wconf 84' lang='lat' dir='ltr'><strong>tempestatem,</strong></span> <span class='ocrx_word' id='word_1_322' title='bbox 1274 4265 1295 4275; x_wconf 82' lang='lat'><strong>-</strong></span> 
     </span>
    </p>
   </div>
   <div class='ocr_carea' id='block_1_11' title="bbox 564 4270 1039 4413">
    <p class='ocr_par' dir='ltr' id='par_1_11' title="bbox 564 4270 1039 4413">
     <span class='ocr_line' id='line_1_43' title="bbox 564 4270 1039 4413; baseline -0.004 0"><span class='ocrx_word' id='word_1_323' title='bbox 564 4407 568 4413; x_wconf 88' lang='lat'><em>.</em></span> <span class='ocrx_word' id='word_1_324' title='bbox 744 4270 905 4368; x_wconf 12' lang='lat' dir='ltr'><strong>&#39;w‘</strong></span> <span class='ocrx_word' id='word_1_325' title='bbox 1025 4396 1039 4411; x_wconf 41' lang='lat' dir='ltr'><strong>a</strong></span> 
     </span>
    </p>
   </div>
   <div class='ocr_carea' id='block_1_12' title="bbox 0 0 1320 4658">
    <p class='ocr_par' dir='ltr' id='par_1_12' title="bbox 0 0 1320 4658">
     <span class='ocr_line' id='line_1_44' title="bbox 0 0 1320 4658; baseline 0 0"><span class='ocrx_word' id='word_1_326' title='bbox 0 0 1320 4658; x_wconf 95' lang='lat' dir='ltr'><strong> </strong></span> 
     </span>
    </p>
   </div>
  </div>
 </body>
</html>
