2632 4658
293 192 297 199 ·
353 165 599 271 olympo
654 162 969 247 rsa-..rm
1156 174 1215 254 ro

68 353 153 424 alter
174 353 278 443 patria
301 352 418 436 exiret,
447 374 551 444 usqne
580 351 658 423 dum
689 377 761 422 com
783 353 849 424 leto
871 376 972 438 anno,
995 376 1134 446 rogum
1154 378 1214 453 po-

68 451 141 508 stea
161 439 305 507 haberet.
348 439 386 506 lu
407 437 511 529 primo
530 438 631 527 igitur
651 461 734 508 anuo
755 379 943 530 ssolyuices,
971 442 1075 511 minor
1102 447 1213 528 unm,

66 525 233 593 dimittens
253 545 419 610 reguum,
444 532 489 590 ‚et
519 535 594 613 post
623 547 741 593 aunum
769 525 844 593 illud
872 536 1039 615 repetens,
1065 553 1089 596 e
1115 531 1221 599 fratre

64 610 129 698 ipsi
150 621 203 678 est
222 621 384 696 negatum.
427 606 571 710 Proinde
592 609 664 676 exul
684 609 726 677 ad
742 611 933 693 Adrastum,
953 634 1065 701 regem
1077 617 1210 719 Argivo-

66 717 157 770 rum,
179 717 218 761 se
239 694 387 773 contulit,
415 693 523 780 ibique
543 696 603 760 sub
625 718 666 761 eo
685 696 812 764 viriliter
835 697 990 779 militans,
1041 699 1090 767 ‘us
1114 703 1236 770 ulmo

65 780 202 866 Argiam
234 779 404 869 conjugem
437 779 569 867 accepit.
621 780 743 848 Postea
776 803 852 848 vero
889 804 987 872 quum
1020 722 1120 853 linter
1150 788 1211 855 sibi

64 887 199 932 reverso
236 887 371 953 regnum
403 875 563 950 'negarem
606 866 723 933 ballum
752 867 880 949 statuit3
914 868 967 933 ubi
999 869 1100 940 latum
1133 886 1212 954 erat,

66 949 190 1040 quod,'
206 948 233 1016 si
253 950 461 1038 Amphiaraus
483 950 636 1018 sacerdos
656 953 688 1018 iu
711 950 812 1030 hello,
841 962 929 1020 terra
952 976 1025 1020 eum
1045 957 1212 1045 glutiente,
1280 996 1281 1001 κ

62 1037 207 1127 periret,
234 1035 406 1125 Polynices
436 1034 537 1103 victor
557 1048 653 1105 esset
695 1039 905 1126 Amphiaraus
932 1044 1046 1113 autem'
1075 1047 1210 1111 mortem
1285 1052 1289 1063 '

64 1123 199 1202 timens,
220 1121 252 1186 in
274 1119 370 1187 domo
392 1119 490 1188 latuit
533 1122 644 1195 Quare
664 1122 837 1212 Eriphyla,
863 1145 944 1190 uxor
963 1125 1053 1216 ejus,
1075 1138 1253 1217 acceptolo

63 1206 174 1313 monili
196 1207 237 1273 ab
257 1207 374 1293 Argia,
395 1228 498 1310 uxore
516 1203 697 1306 Polynicis,
717 1207 806 1311 quorl
828 1206 1210 1295 Vulcanus'Hermionae,

62 1290 854 1466 tllffbfflttsllltllsubtilis
872 1293 1212 1453 itrttblttlt

63 1485 164 1531 curru
184 1485 244 1530 ano
266 1462 417 1530 devectus
438 1474 498 1531 est
540 1463 732 1545 Alcmaeon,
758 1464 840 1533 filius
859 1464 945 1556 ejus,
974 1465 1080 1537 rolens
1100 1470 1210 1543 ulcisci

60 1560 205 1639 patrem,
232 1548 391 1618 interfecit
409 1559 562 1631 matrem,
587 1561 624 1618 ut
643 1550 787 1639 Orestes.
1215 1570 1250 1619 ro

250 1777 259 1800 ·
318 1737 412 1831 155.
465 1735 639 1841 Apollo
672 1751 715 1816 et
746 1738 943 1855 sibylla.

148 1866 300 1960 Sibyllam
319 1867 431 1959 Apollo
472 1868 504 1936 io
526 1891 636 1936 amore
655 1866 784 1949 dilexit,
815 1870 906 1937 etei
937 1869 1093 1958 poscendi
1124 1895 1208 1962 quae

64 1952 159 2022 vellet
176 1954 339 2022 arbitrium
367 1957 424 2023 obt
466 1967 487 2023 t
530 1955 589 2023 Illa
611 1975 742 2021 arenam
762 1955 907 2022 manibus
928 1954 1051 2031 hausit,
1085 1967 1119 2025 ot
1141 1970 1206 2027 tam

63 2038 117 2106 lou
145 2062 195 2107 am
225 2040 319 2108 vitam
346 2040 503 2145 poposcit
553 2040 616 2107 Cui
637 2039 747 2126 Apollo
767 2037 802 2105 id
822 2062 919 2128 posse
940 2040 1010 2107 lieri
1032 2045 1206 2131 respondit,

64 2124 92 2191 si
161 2126 358 2216 rythraeam,
391 2148 424 2194 sn
446 2148 520 2215 =qua
550 2125 732 2205 habitabat,
766 2125 899 2193 insulam
923 2125 1140 2216 relinqueret„
1171 2143 1248 2203 etro
1278 2200 1280 2207 4

65 2232 138 2279 eum
168 2233 339 2299 numquam
370 2210 501 2280 videret
530 2210 700 2283 ,Proiecto
729 2209 849 2297 igitur,
879 2212 1000 2279 Cumas
1022 2214 1141 2295 tenuit,
1174 2228 1208 2284 et

62 2294 127 2361 illle
164 2298 307 2384 corporis
344 2297 461 2365 viribus
497 2296 641 2377 delecta,
679 2295 771 2363 vitam
798 2297 830 2362 in
862 2297 930 2363 sole
959 2318 1038 2364 voce
1069 2302 1207 2369 retinuit

63 2377 164 2455 Quod
185 2404 282 2471 quum
304 2382 387 2450 cives
408 2382 477 2471 ejus
499 2382 726 2470 cognovissent
745 2381 830 2467 (sive
850 2381 983 2462 invidio,
1018 2383 1083 2450 sive
1110 2388 1206 2452 mise·
1263 2446 1265 2451 ,

62 2468 189 2533 ratione
210 2469 375 2549 commoti,
396 2468 552 2536 incertum
575 2467 661 2552 ast),
689 2466 719 2531 ei
740 2466 903 2555 epistolam
922 2467 1094 2551 miserunt,
1115 2486 1206 2538 creta

62 2552 130 2620 anti
152 2575 196 2619 uo
223 2575 313 2620 more
340 2555 509 2642 signatum.
560 2553 634 2630 Qun
661 2552 729 2618 visa
752 2564 857 2632 terra,
910 2553 962 2618 uia
983 2567 1052 2622 erat
1072 2554 1115 2620 de
1135 2557 1247 2647 ajusas

61 2576 184 2718 maula,
204 2637 238 2706 in
257 2651 393 2708 mortem
415 2650 465 2707 eat
481 2639 594 2709 solute.
625 2635 724 2704 Unde
744 2577 984 2705 nonnullihauc
1000 2661 1072 2707 esse
1085 2640 1205 2727 dicunt,

533 2727 542 2744 ⁸
565 2727 623 2829 sit3
654 2723 729 2812 quia
749 2723 881 2792 incenso
904 2722 1024 2815 templo
1043 2727 1204 2818 Apollinis,

593 2861 604 2896 i

60 2745 147 2812 quae
164 2723 312 2794 Romana
331 2726 398 2795 feta
419 2747 544 2794 consen

60 2807 140 2879 iude
159 2809 299 2879 Romam
321 2811 404 2881 allati
424 2823 499 2881 snut
515 2750 586 2885 litim
632 2807 719 2876 nude
737 2808 822 2877 haec
842 2810 957 2881 suarm.

206 3082 211 3089 ,
280 2996 406 3095 1154(
437 3001 602 3078 Caenis
640 3010 686 3075 et
718 2978 972 3100 Neptunus.

147 3130 267 3200 Caenis
287 3130 379 3218 virgo
401 3129 477 3210 luit,
500 3149 583 3232 qnae
603 3149 623 3192 a
642 3127 797 3219 Neptuno
817 3151 875 3220 pro
897 3141 1008 3220 stupro
1025 3132 1246 3283 praeminmso

60 3239 157 3288 tenua
188 3217 392 3284 mutationem
421 3225 546 3284 merurt
598 3208 677 3281 Fuit
710 3216 805 3283 etiam
841 3216 1081 3286 invulnerabrrs.
1136 3216 1205 3285 Sed

81 3302 237 3391 ugnaudo
263 3309 332 3391 'pro
365 3302 511 3391 Lapithis
549 3311 661 3368 contra
698 3302 879 3371 Centauros
927 3304 1047 3371 crebris
1087 3302 1204 3370 ictibus

57 3328 192 3457 fustium
220 3388 369 3478 paulatim
399 3390 480 3455 fixus
508 3386 540 3452 in
569 3398 657 3452 terre
685 3399 743 3454 est.
785 3386 868 3455 Post
888 3400 1024 3455 mortem
1045 3387 1204 3457 tamenin

57 3498 171 3543 sexum
197 3474 300 3541 rediit.
346 3474 423 3540 Hoc
451 3485 558 3541 autem
591 3469 730 3539 ostendit
759 3471 879 3539 dictum
907 3471 983 3540 illud
1002 3472 1203 3541 Platonicum

57 3560 109 3629 vel
129 3560 383 3639 Aristotelicum,
411 3560 551 3624 animas
576 3578 640 3644 per
668 3551 945 3648 μετεμφύχωσιν,
972 3558 1013 3624 ia
1040 3569 1096 3626 eat
1118 3581 1245 3647 per-as

58 3647 313 3731 mutationem,
341 3667 463 3710 sexum
477 3643 685 3731 plerumque
706 3653 856 3708 mutare.

442 3809 538 3886 155.
592 3809 814 3927 Tarpeja.

64 3974 75 4013 .·
146 3944 288 4037 'Perpeje
315 3945 411 4014 sedes
432 3944 519 4011 dicta
541 3954 590 4010 est
611 3965 630 4008 a
650 3941 791 4031 Tarpeja
812 3939 943 4029 virgine.
987 3940 1095 4016 Quum
1119 3942 1202 4011 enim

58 4031 218 4099 Romulus
248 4044 361 4100 contra
388 4032 524 4098 Sabinos
554 4028 634 4095 bella
655 4037 825 4108 tractaret,
838 4072 841 4077 «
856 4028 1052 4118 etwarpejo
1075 4029 1201 4096 cuidam

59 4116 202 4186 dedisset
231 4139 339 4185 arcem
363 4116 534 4200 tuendam3
565 4115 629 4181 filia
659 4112 727 4203 ojus
756 4111 919 4203 Tarpoja,
949 4125 1100 4201 aquatum
1124 4132 1244 4204 pro-lo

60 4203 167 4286 lecte,
194 4204 227 4271 ln
254 4205 375 4274 hostes·
390 4202 511 4297 incidit
552 4201 658 4278 Quam
684 4220 783 4293 puum
808 4199 1012 4269 hortarentur
1029 4196 1073 4267 ad
1091 4200 1199 4290 prodi·

674 4398 676 4403 η
747 4313 771 4380 4
