2632 4658
223 218 248 259 „
344 184 535 287 managa
561 184 613 257 11.
667 181 872 259 aa-ua.
1103 152 1183 263 ror

55 374 93 439 dt
110 368 164 436 llic
186 370 337 437 incensus
357 370 405 437 ira
422 390 543 446 morae,
564 365 813 435 intercedentem
822 379 859 437 ut
867 380 1037 451 amoveret,
1054 381 1184 461 sceptro

56 457 231 545 pmcurei23
253 455 339 523 uude
358 478 513 545 praeceps
532 455 565 521 in
587 454 711 519 inferna
731 451 876 549 demersa
899 465 966 533 est,
987 467 1020 524 et
1034 455 1065 523 in
1083 458 1185 549 liquo·

53 562 121 611 rem
142 560 317 625 eonversa3
345 539 435 631 cujus
456 540 545 608 lacus
567 540 737 629 contiguus
762 553 811 607 est
831 540 1016 610 Arethusae.

397 720 466 799 94.
519 694 843 851 Proserpipn.

136 852 363 955 Proserpinam
385 864 510 956 eutem,
530 849 564 919 id
580 866 634 957 est
651 856 908 955 Persephonem,
929 864 1060 945 raptam·
1075 853 1208 927 autres

18 992 22 997 .
57 948 166 1027 patre,
196 962 296 1028 quum
323 941 450 1041 Ceres,
471 960 607 1011 moenam
638 941 779 1019 facibus,
812 963 869 1031 per
900 942 1010 1009 orbem
1030 952 1189 1009 terrarum

57 1026 256 1113 requirerer,-
290 1044 349 1129 per
367 1035 473 1127 'trina
505 1046 628 1127 perque
660 1026 824 1129 quadrivia
854 1028 990 1129 uocabat
1022 1024 1189 1129 clamores.

58 1108 400 1295 Praeneste
413 1132 626 1264 strate
645 1129 682 1285 1
842 1110 954 1181 tlt
975 1133 1034 1205 r
1051 1122 1191 1202 rr
1282 1190 1286 1199 ·

453 1362 522 1440 95.
581 1362 795 1441 Ceres.
1197 1379 1233 1431 ¹⁰

145 1487 254 1563 Quum
287 1500 394 1558 autem
421 1492 534 1561 Ceres¹
552 1493 596 1560 de
621 1493 705 1562 filiae
731 1490 931 1582 inquisitione
956 1511 1018 1556 non
1041 1501 1193 1569 cessaret,

61 1584 196 1727 ppopter
231 1575 478 1679 eptingupudam
516 1580 598 1648 sitim
626 1579 670 1646 ad
701 1577 862 1668 quendam
886 1578 1019 1680 ‘fontem
1048 1576 1194 1642 accessit.

91 1682 156 1748 ycu
184 1672 315 1741 rustrcr,
350 1660 494 1732 ndentes
522 1687 612 1740 eum,
644 1690 666 1733 a
695 1677 774 1753 potu
804 1663 976 1752 probrbere
999 1670 1194 1750 coeperuut;

64 1745 356 1899 conturbantesppue
376 1747 509 1836 pedibus
533 1751 672 1830 sontem,
705 1761 817 1816 contra
838 1771 909 1815 earn
930 1769 1043 1815 sonum
1064 1747 1193 1812 nuribus

64 1830 247 1899 emiserunt.
317 1829 380 1899 ude
399 1834 451 1900 illa
471 1836 553 1902 irata
573 1858 630 1901 eos
653 1834 807 1902 convertit
828 1833 988 1916 iuraras,
1008 1854 1094 1922 quae
1109 1848 1237 1898 uuuora

64 1936 194 2005 quoquc
215 1914 258 1984 ud
277 1916 357 1985 illius
376 1921 446 1986 soni
467 1920 673 1988 imitationem
694 1928 840 1988 coaxant
1162 1925 1167 1934 '
1290 1916 1296 1931 “

308 2098 395 2199 Ι96.
449 2103 635 2179 Cereris
661 2102 931 2205 «inquisitio.

151 2225 259 2315 Ceres·
283 2250 381 2319 quum
405 2226 631 2321 Proserpinam
660 2243 783 2321 raptam
806 2249 964 2319 quaerere
983 2249 1047 2295 nou
1066 2224 1198 2297 desiste-

67 2320 133 2390 ret,
165 2311 250 2381 venit
278 2314 320 2381 ad
341 2314 524 2383 Eleusinem
547 2318 704 2386 civitatem
725 2316 767 2383 ad
790 2315 940 2395 Geinum,
968 2336 1081 2402 regem
1102 2315 1199 2383 athe·
1233 2347 1238 2363 ·

69 2394 233 2465 niensium.
282 2400 347 2473 Qui
377 2424 473 2489 quum
501 2402 670 2471 liberaliter
696 2426 768 2469 enm
798 2402 990 2489 excepisset,
1023 2411 1057 2466 et
1086 2422 1106 2466 a
1134 2416 1243 2489 quoae

68 2490 164 2569 rapta
185 2486 271 2569 es'set
290 2486 504 2576 Proserpina,
531 2487 720 2567 indicasset,
743 2487 793 2553 illa
814 2484 1030 2552 benevolentia
1051 2482 1118 2574 eJus
1145 2484 1202 2551 de-

13 2590 33 2611 ·
68 2564 203 2650 lectata,
232 2568 285 2637 filii
312 2570 380 2661 ejus
403 2572 535 2639 nomine
555 2572 763 2663 Triptolemi,
793 2595 888 2660 quem
910 2592 992 2637 uxor
1011 2570 1121 2637 Hiooa
1141 2570 1203 2659 ipsi

69 2652 214 2739 peperit,
243 2677 281 2722 se
308 2656 464 2726 nutricem
484 2658 635 2747 promisit.
678 2660 775 2726 Hauc
796 2658 909 2760 regina
929 2656 1029 2723 libens
1047 2656 1204 2725 nutricem

17 2748 22 2753 '
70 2736 134 2804 lilio
154 2760 215 2806 suo
237 2743 394 2832 suscepit,
422 2743 516 2835 eique
539 2744 743 2814 nutriendum
762 2742 900 2815 tradidit
1276 2748 1279 2754 '

145 2986 148 2991 .
202 2876 306 3001 1117.
359 2924 683 3003 immortalitas
720 2927 821 3028 ejus
857 2926 1036 3003 alumni.
1208 2927 1282 3006 aa

159 3054 263 3137 Ceres
292 3053 369 3123 dum
400 3057 565 3134 alumnum¹
586 3081 678 3125 suum
707 3056 798 3123 vellet
827 3053 1036 3122 immortalem
1057 3046 1208 3129 reddere,

18 3190 25 3209 2
71 3136 211 3206 interdiu
239 3139 322 3207 lacte
347 3142 450 3210 divino
481 3144 662 3223 nutriebat,
695 3154 793 3209 noctu
823 3141 904 3207 clam
932 3140 1011 3227 igne
1040 3135 1207 3205 obruebat.

71 3216 190 3310 ltaque
216 3238 344 3311 praeter
372 3252 467 3316 qnam
494 3228 577 3296 soliti
598 3238 690 3299 eraut
709 3224 859 3295 mortales
880 3224 1058 3293 crescebat
1099 3221 1208 3296 Quum

20 3360 25 3367 .
73 3307 137 3374 boo
157 3320 253 3399 pater
272 3311 456 3395 miraretur,
485 3326 642 3383 nocturno
663 3326 809 3403 tempore
830 3309 1024 3388 observavit,
1056 3315 1209 3393 etquum

23 3465 26 3471 ,
75 3394 180 3461 Ceres
200 3418 334 3497 puerum
358 3400 525 3483 obrueret,
553 3400 751 3469 exclamavit.
791 3397 847 3463 Illa
867 3398 948 3464 irata
966 3390 1132 3462 Eleusium
1154 3411 1253 3462 err-ao

75 3479 243 3563 animant,
272 3503 312 3547 ec
337 3482 556 3573 Triptolemo,
585 3486 712 3553 alumno
733 3505 810 3562 suo,
836 3495 1000 3549 aeternum
1018 3474 1212 3545 ‚beneficium

76 3562 220 3633 contulit.
261 3565 346 3633 Nam
369 3569 481 3657 fruges
506 3570 535 3635 ei
556 3567 796 3661 propagandas,
819 3580 851 3635 et
870 3587 998 3648 currum
1020 3560 1212 3627 draconibus

73 3651 390 3807 pppct‘pppevtippdidit
433 3655 558 3731 Quibus
586 3656 638 3723 ille
666 3666 777 3723 rectus
800 3654 912 3719 orbem
932 3642 1089 3717 terrarum
1110 3644 1213 3736 frugi·

349 3900 485 4005 „tlt
539 3905 878 4005 Triptolemus.
1017 3894 1050 3977 ¹.
1217 3894 1257 3980 ¹ta

164 4026 385 4117 Triptolemus
413 4031 571 4098 beneficio
600 4034 732 4101 (leteris
778 4057 854 4101 uum
881 4032 996 4122 fruges
1021 4050 1081 4119 per
1103 4044 1216 4094 omnes

78 4126 255 4201 spergeret
273 4126 407 4200 gentes,
434 4118 477 4184 ed
497 4119 642 4206 Lycum,
664 4119 816 4210 Scythiae
836 4141 969 4207 regem,
990 4116 1093 4197 renit,
1111 4114 1219 4200 ibique

78 4220 188 4288 paene
208 4198 365 4315 deceptus
396 4216 454 4271 est.
504 4203 623 4272 Valens
651 4206 735 4275 euim
764 4207 875 4297 laycus
901 4203 952 4289 id,
984 4198 1073 4293 quod
1101 4200 1219 4287 hesper
