2632 4658
11 166 25 229 ·.
103 147 216 255 >our¹
437 180 908 253 conunur.1un‘0mn1ou

102 366 176 431 hies
199 362 360 429 inuaserat
379 360 550 437 liberabat.
595 360 675 428 Erat
695 361 783 429 enim
804 374 912 430 tantae
943 365 1171 452 auctoritatis,
1205 381 1240 437 nt

103 453 136 519 ei
157 470 259 540 quum
281 447 471 531 defenderet
501 447 613 515 nullus
635 471 763 514 nocero·
782 450 927 516 auderet.
983 451 1113 518 Videns
1142 454 1241 544 igitur

8 537 12 549 '
100 533 327 604 Theodoriana
350 534 525 600 Boethium
561 535 669 599 solnm
691 536 857 623 tyrannidi
885 560 963 602 snae
992 558 1028 603 se
1058 562 1102 628 op
1127 563 1239 624 onere,

102 622 212 711 eoepit
232 619 349 685 callide
366 621 532 710 quomodo
553 643 628 709 eum
650 620 802 710 perderet
821 622 1002 711 inquirere.
1049 562 1125 689 Sed
1189 651 1240 692 nm

18 738 22 757 ·
75 711 137 775 ·in
172 731 250 773 enm
284 706 408 772 nnllam
424 729 576 781 cansam,
596 706 784 790 inveniret,
822 708 902 772 dnas
936 710 1035 774 falsas
1066 650 1239 797 condrino,

101 793 228 861 scilicet
262 814 338 856 eum
380 792 557 880 impedisse
591 791 791 876 delatorem,
829 795 1068 860 accusationem
1109 809 1239 864 senatus

102 879 256 967 scriptam
281 877 379 966 adse
401 877 621 961 deferentem,
655 888 688 942 et
708 877 833 943 litteras
856 880 899 947 ad
920 880 1054 945 Alexim
1079 880 1236 948 Constan-

100 963 353 1054 tinopolitannm
385 963 613 1053 imperatorem
634 986 695 1051 pro
717 962 910 1049 liberatione
933 965 983 1030 rei
1001 965 1159 1055 publicae
1183 971 1238 1036 mi·

100 1052 195 1117 sisse.
248 1048 312 1113 llis
345 1050 453 1114 antem
485 1046 525 1113 de
548 1047 654 1113 causis
677 1048 750 1114 sine
777 1050 982 1116 accusatione
1013 1053 1238 1120 convenientis

83 1203 85 1209 ,
124 1158 258 1221 ersonae
278 1132 470 1200 indefensus
491 1143 526 1199 et
545 1132 664 1198 absens
685 1156 762 1199 reus
783 1145 834 1200 est
861 1136 1023 1201 indicatus
1046 1148 1081 1202 et
1104 1138 1237 1229 Papiam

87 1240 135 1291 'ru
150 1220 286 1287 exilium
302 1230 352 1285 est
370 1220 544 1310 relegatus.
589 1218 655 1287 llic
670 1242 749 1286 tero
764 1243 856 1286 suam
897 1223 1126 1326 reaper-itatem
1149 1250 1237 1315 prae·

40 1354 41 1363 κ
98 1308 228 1376 teritum
244 1320 360 1371 'seeum
380 1316 535 1396 reputans
557 1314 590 1369 et
610 1315 856 1395 praesentatura
879 1318 1065 1374 versrtatem
1090 1311 1236 1377 conside·

99 1418 197 1477 rans,
226 1392 309 1459 vidit
342 1391 486 1481 aliquem
513 1389 640 1456 minus·
657 1391 800 1481 peritum
833 1383 935 1458 simili
961 1410 1039 1459 casu
1063 1398 1237 1485 usquead

100 1478 357 1568 desperationem
375 1501 472 1566 posse
494 1475 644 1564 deprimi.
690 1476 736 1542 Ut
758 1500 835 1567 ergo
860 1502 926 1567 qno
948 1503 984 1544 se
1005 1482 1176 1570 unusquis
1220 1507 1236 1548 e

3 1570 8 1579 ’
97 1564 281 1642 consuleret
298 1562 453 1647 haberet,
481 1562 510 1626 si
529 1561 638 1651 aliqua
659 1561 836 1628 adversitas
857 1565 1148 1649 commutabilitate
1174 1506 1233 1633 idi·-

98 1663 196 1717 tnnae
224 1648 428 1740 contingeret
438 1664 452 1732 ‚'
471 1645 732 1737 philosophicam
758 1649 1014 1717 consolationem
1049 1654 1235 1745 composuit

92 1749 156 1808 veta
187 1745 248 1803 etc.
317 1806 320 1811 ,
366 1756 369 1767 ’
793 1778 796 1785 -

51 2176 55 2185 .
95 2131 138 2187 lo.
151 2144 250 2197 summa
276 2125 371 2196 pagina
397 2109 547 2192 posterioris
578 2123 755 2177 commentarii
779 2123 870 2178 eadem
901 2141 993 2180 manns
1022 2131 1131 2199 scripsit
1155 2133 1231 2188 haee:

95 2201 186 2259 anicii.
212 2199 315 2251 manlii.
339 2195 461 2248 severini.
484 2192 603 2264 patritii.
624 2195 686 2246 viri.
710 2194 788 2247 clari.
815 2195 941 2252 illustris.
967 2197 1056 2255 boemi.
1082 2205 1231 2257 exconsulis

425 2276 439 2315 .·
489 2263 627 2322 ordinarii.
649 2264 717 2318 liber
731 2264 834 2336 incepit.

175 2379 415 2466 'Theodericum
431 2378 620 2448 Gothorum
631 2376 808 2469 imperator
828 2382 1050 2468 saevissimus,
1074 2387 1230 2459 Romania
1269 2464 1271 2471 ,

93 2492 223 2559 semper
239 2467 364 2551 invisus
381 2464 456 2551 luit.
500 2464 569 2548 Qui
585 2486 687 2554 qnnm
704 2488 761 2530 eos
776 2467 967 2556 saepissime
988 2471 1079 2538 hello
1098 2485 1230 2567 tempta·
1267 2480 1271 2580 p'

91 2556 214 2639 visset,
237 2555 368 2619 tandem
390 2551 510 2617 devicit
528 2561 561 2616 et
580 2553 718 2643 Romam
742 2550 850 2641 cepit,
880 2553 994 2658 ibique
1016 2560 1121 2625 multa
1144 2565 1229 2628 nefa·
1269 2598 1271 2609 ·

92 2641 141 2706 ria
164 2665 238 2729 erga
261 2638 496 2729 rempublicam
517 2638 612 2711 lecit„
674 2637 767 2719 Quae
789 2660 891 2727 qunm
913 2641 1050 2709 vidisset
1071 2644 1230 2714 Boethius
1269 2654 1271 2671 '

91 2725 339 2807 nobilissimus,
374 2735 407 2788 et
424 2721 526 2811 magis
547 2722 775 2791 rectitudinem
809 2721 1010 2826 reipublicae
1043 2754 1145 2819 qnam
1173 2736 1229 2800 im·
1268 2710 1271 2827 l

90 2824 274 2901 peratorem
290 2811 415 2891 colens,
441 2817 599 2896 qnantum
619 2807 728 2897 potnit
745 2808 777 2875 ci
798 2810 940 2896 restitit3
963 2814 1164 2907 tandemque
1185 2821 1228 2885 di·
1268 2832 1271 2899 ξ

51 2978 54 2983 ι
90 2898 178 2962 citur
197 2897 285 2987 apud
303 2893 620 2983 Constantinopolim
642 2893 767 2959 litteras
788 2894 937 2979 misisse,
961 2924 1172 2990 conquerens
1192 2907 1229 2970 de
1269 2910 1271 2917 '

48 2998 51 3005 '
91 2983 258 3050 Romanae
293 2981 341 3047 rei
365 2980 493 3045 uhlieae
525 2979 716 3045 vastatione.
780 2977 939 3069 Sperabat
976 2986 1065 3050 enim
1105 2991 1227 3056 anxilio

90 3069 291 3135 Graecorum
312 3004 495 3132 libertatem
519 3064 677 3130 Romanis
706 3087 805 3153 posse
833 3067 973 3133 restitui.
1031 3071 1113 3138 Erat
1143 3077 1227 3141 enim

90 3155 177 3219 inter
205 3152 583 3245 Const'antinopolitanos
603 3161 649 3216 'ct
679 3149 844 3215 Romanos
876 3153 1049 3221 coniuncta
1072 3160 1224 3226 amicitia.

87 3239 173 3308 Nam
201 3239 448 3319 Constantinus,
472 3260 584 3301 eorum
606 3236 804 3325 imperator,
837 3236 1022 3305 Romanum
1049 3243 1225 3334 imperium

86 3327 176 3416 apud
196 3322 515 3412 Constantinopolim
535 3323 677 3411 quadam·
695 3320 855 3411 religione
883 3326 1105 3398 transtulerat.
1156 3334 1224 3398 llae
1268 3395 1271 3407 ,

86 3435 165 3478 vero
184 3410 311 3478 litterae
334 3434 436 3500 quum
456 3431 527 3472 com
552 3409 708 3472 rehensae
741 3416 852 3470 essent
872 3419 906 3473 et
933 3410 975 3474 ad
996 3408 1224 3502 imperatorem

87 3499 228 3580 relatae,
261 3508 341 3562 tnnc
369 3505 504 3584 propter
528 3431 593 3558 lios
618 3504 697 3557 tnnc
719 3501 855 3580 propter
881 3494 944 3559 alia
973 3496 1090 3582 jussus
1113 3513 1167 3567 est
1187 3504 1224 3567 ah

87 3583 241 3649 omnibns
262 3584 331 3649 suis
351 3579 535 3672 proscribi,
564 3579 690 3644 exulari
711 3588 744 3641 ct
773 3577 904 3653 tandem
924 3583 1012 3672 apud
1033 3584 1174 3675 Papiam
1194 3589 1224 3653 in

86 3669 224 3734 exilium
245 3669 345 3733 trudi.
401 3665 469 3748 Qui
490 3689 593 3755 quum
615 3665 649 3729 in
672 3686 800 3729 carcere
820 3665 948 3752 positus
968 3670 1224 3740 consolationem

84 3765 192 3820 tantae
211 3778 289 3820 snae
311 3754 424 3819 ruinae
446 3760 635 3839 quaereret,
659 3749 782 3850 quippe
829 3749 863 3829 ni
885 3761 960 3817 ante
981 3757 1101 3823 consul
1121 3759 1224 3827 iaetus

84 3839 171 3905 lilios
193 3841 290 3905 etiam
311 3863 388 3905 snos
419 3837 572 3902 consules
602 3846 634 3900 et
666 3858 775 3899 omma
797 3773 860 3898 ilia
912 3861 966 3903 ros
991 3863 1045 3904 era
1067 3842 1223 3930 vidisset3
1268 3850 1271 3943 l

83 3926 190 3991 visum
212 3937 262 3991 est
275 3925 320 4009 ei,
343 3924 434 3991 nulla
455 3947 490 3987 re
506 3921 615 4015 magis,
631 3946 729 4010 qnam
747 3860 921 3989 scribendi)
941 3862 1096 3995 safiatinm
1114 3931 1225 4022 quaeri

83 4034 194 4099 posse.
240 4011 296 4077 Sic
317 4009 438 4077 etenim
460 4019 493 4073 et
512 4031 589 4096 pros
614 4031 668 4072 era
688 4006 861 4097 praeterita
881 4010 922 4074 ad
952 4015 1148 4085 memoriam
1169 4018 1224 4084 du·

16 4102 23 4130 ⁶
83 4107 172 4163 oeret
192 4108 225 4164 et
247 4096 330 4181 mala
351 4094 539 4188 praesentia
555 4093 598 4159 ob
614 4091 879 4165 'vionitmderet
899 4105 960 4163 ete.
983 4108 1053 4166 etus
1123 4184 1126 4189 Ι

1264 3644 1271 3703 l

434 4264 871 4298 mm·-
