2632 4658
321 150 608 255 capungam.
642 148 703 227 :o
758 97 951 251 rae-rr.
1104 155 1206 232 aar
1298 92 1308 153 ⁵

75 348 109 403 et
129 336 235 414 Dido,
250 334 310 422 nui
333 332 471 416 necdum
493 332 541 399 ad.
555 332 626 399 ioca
647 347 860 423 pervenerant
875 336 1092 424 purgationis,
1113 334 1209 406 multo

75 420 263 489 circumdati
278 421 394 498 'umbra
417 417 502 507 apud
524 418 643 485 inferos
671 433 746 489 runt
774 422 902 490 inventi.
945 423 1030 491 Nam
1060 422 1102 491 de
1124 424 1224 491 Pali·¹

75 531 157 574 auro
178 506 329 594 legimus:
492 519 495 522 ⁴
787 558 791 565 .
949 556 951 561 .

87 642 101 662 ,
162 623 381 654 --——--
420 589 482 655 viar
506 589 620 655 multu
641 599 811 673 praeatum
832 592 992 678 cognovit
1014 593 1051 659 irr
1074 590 1206 660 unzbrr'a.

74 679 120 744 Et
141 675 185 744 de
205 674 349 742 Didone:
382 673 607 761 Agnovitque
630 675 695 763 per
723 671 882 743 umbram
910 674 1099 744 obscuram.
1140 678 1231 747 Oct

75 763 191 829 currit:
223 761 257 829 Si
280 782 362 845 ergo
381 770 561 847 purgantur
583 772 616 832 et
645 782 737 825 suam
764 770 910 826 naturam
942 761 1114 849 recipiunt,
1149 787 1207 831 cur
1310 796 1315 803 ’

74 848 117 916 ad
148 861 286 932 corpora
314 844 427 910 reverti
457 844 586 911 volunt?
636 843 859 948 Paiingenesia
894 866 1047 934 namque,
1088 846 1121 913 id
1150 861 1208 919 est

75 933 265 1020 multiplex
292 929 492 1023 generatio,
531 940 564 995 et
590 946 862 1019 preaeprmcymora,
901 931 935 1007 id
965 935 1208 998 esttrrzrraitio

75 1017 235 1095 acinace,
251 1038 286 1083 .a
307 1013 468 1165 plerisque
493 1000 769 1102 ‘pbilosophorum'
783 1012 918 1080 traditae
943 1029 1025 1083 eunt
1071 1016 1206 1100 Patent,
1309 1055 1313 1070 ·

73 1103 105 1169 in
128 1101 238 1181 uiuat,
264 1100 468 1180 obicionem3
502 1098 589 1186 quod
610 1110 644 1166 et
662 1101 766 1188 ipsum
787 1100 974 1186 ambiguum
995 1112 1061 1178 est,
1093 1122 1134 1188 an
1160 1104 1248 1180 ri-10

74 1126 192 1253 delicet
211 1187 453 1275 praeteritarum
475 1185 697 1252 obliviscantur
717 1206 910 1287 poenarum,
932 1209 972 1252 an
997 1185 1085 1275 quod
1105 1188 1206 1255 futuri

73 1273 137 1339 aiut
164 1273 327 1358 ignarae
359 1267 551 1338 Deciderant
583 1282 689 1337 autem
717 1293 751 1336 ru
780 1278 916 1358 corpora
942 1273 1067 1340 reverti.
1117 1273 1206 1342 iiiam

74 1369 183 1425 autem
203 1357 389 1423 oblivionem
419 1355 541 1442 priotis-
561 1354 683 1422 iliarum
702 1355 866 1444 perfectae
878 1358 1057 1444 sapientiae
1086 1359 1204 1446 accipi-

64 1450 146 1510 mus
166 1443 425 1521 annullationem,
479 1464 553 1507 uam
573 1441 606 1506 iu
630 1440 788 1507 descensu
815 1465 876 1508 suo
900 1452 932 1508 et
951 1443 1206 1531 incorporatione

73 1529 241 1595 universae
261 1529 432 1615 patiuntur.
452 1465 752 1608 dciendumtnmen
770 1526 946 1594 secuudum
966 1530 1116 1611 eoadem,
1139 1551 1268 1601 nonlo.

73 1635 186 1679 omnes
210 1616 328 1681 animas
355 1609 396 1678 ad
429 1634 564 1702 corpora
583 1613 707 1678 reverti
747 1612 834 1700 Aliae
855 1613 938 1678 enirn
957 1629 1089 1703 propter
1110 1615 1205 1682 vitam

74 1699 190 1766 maiam
211 1698 362 1777 redeunt,
392 1696 473 1763 aliae
496 1708 630 1785 propter
657 1698 716 1763 sati
746 1697 985 1779 necessitatem
1020 1700 1101 1768 aliae
1131 1724 1205 1767 vero

74 1796 207 1872 propter
233 1785 316 1851 ritae
335 1782 448 1849 merita
464 1806 526 1871 per
554 1782 741 1871 apotheosin
771 1794 935 1851 aeternum
965 1781 1099 1853 deorum
1128 1808 1205 1854 con-

74 1870 205 1936 sortium
226 1869 363 1960 adeptae
383 1879 465 1934 sunt.

160 1954 218 2020 13..
255 1956 340 2021 Sane
359 1951 433 2040 quia
454 1951 589 2016 animam
604 1972 700 2037 supra
717 1951 850 2021 diximus
866 1954 1084 2035 immortalem,
1104 1980 1248 2044 quae-an

74 2040 155 2107 ritur
174 2041 258 2107 inter
277 2040 433 2127 majores,
463 2059 504 2103 an
532 2050 687 2123 generata
717 2040 774 2119 sit,
813 2062 854 2105 an
881 2041 1041 2128 ingenita:
1082 2053 1204 2108 utrum-

74 2147 138 2214 que
171 2126 254 2192 euim
280 2123 422 2192 Platonis
455 2120 580 2189 ridetur
611 2122 744 2189 innuere
772 2127 951 2192 auotoritas.
1010 2128 1204 2197 Generatam

74 2233 147 2278 esse
173 2212 206 2277 in
235 2211 334 2298 primo
362 2209 503 2290 Timaei,
537 2207 591 2274 ubi
618 2207 678 2274 ait:
707 2210 1016 2296 praestantissima
1047 2235 1071 2276 a
1099 2235 1206 2300 prae-

73 2296 293 2361 stantissimo
305 2294 411 2381 faeta
431 2303 494 2359 eat.
537 2293 619 2361 Item
639 2293 671 2358 in
691 2293 853 2362 secundo:
887 2294 1043 2360 universi
1060 2297 1204 2384 gatteria

72 2391 259 2445 contentam
272 2377 424 2466 jactem.
464 2377 539 2444 Non
567 2391 752 2466 generatam
773 2402 848 2447 vero
874 2380 906 2446 iu
923 2379 1117 2462 Phaedone,
1147 2382 1245 2452 nbiaa

74 2464 134 2532 ait:
165 2465 288 2547 anima
314 2485 421 2552 neque
445 2473 533 2529 nuta
555 2474 624 2538 eet,
653 2474 699 2539 et,
715 2475 860 2530 aeterna
888 2473 950 2529 eat.
1002 2467 1098 2532 Hanc
1126 2489 1202 2532 con·

73 2549 260 2630 troveraiam
295 2549 341 2615 sic
373 2545 507 2616 eoiru'nt.
581 2547 777 2637 ingenitam,
820 2550 979 2638 inquiunt,
1020 2550 1098 2633 dixit
1129 2572 1206 2620 eam

72 2634 148 2701 ideo
169 2633 256 2724 quod
276 2634 351 2721 iege
371 2655 479 2700 rerum
498 2646 725 2718 generatorum
752 2657 815 2701 nou
836 2645 961 2715 utatrrr,
999 2645 1037 2702 ut
1058 2636 1205 2710 videlieet
1295 2696 1298 2700 .

60 2721 122 2787 -rei
138 2719 326 2801 ‚naturaiiter
346 2720 393 2787 rei
414 2719 580 2786 actualiter
601 2719 799 2788 dissonant.
850 2721 965 2788 Omnia
993 2722 1074 2789 eninr
1096 2745 1200 2808 gene-

71 2817 161 2885 rata,
201 2817 328 2895 praeter
366 2803 517 2871 mundium
554 2815 592 2873 et·
621 2804 741 2888 divina,
776 2807 939 2888 actualiter
970 2802 1262 2890 dissolventem,
1298 2842 1304 2853 1

72 2889 210 2959 mundus
231 2913 307 2957 vero
333 2899 366 2956 at
387 2890 489 2957 divina
512 2890 703 2958 naturaiiter.
723 2891 828 2958 titan
847 2892 922 2958 licet
942 2915 1112 2981 numquam
1136 2892 1199 2961 dia-

72 2977 234 3044 ooirantur
265 2986 397 3057 natura,
434 2984 540 3041 tamen
572 2977 600 3044 si
628 2975 775 3044 eonditor
812 2977 920 3057 veliet,
963 2976 1198 3045 dis'soiutiondm

70 3072 269 3151 paterentur.
311 3058 472 3146 Quicquid
492 3062 575 3127 enim
596 3063 805 3150 compositum
828 3075 895 3145 est,
922 3062 963 3128 iiii
986 3064 1128 3131 naturaie
1149 3077 1199 3132 eat

72 3147 208 3214 dissolvi.
259 3146 339 3213 Ideo
360 3145 458 3232 igitur
478 3145 664 3232 ingenerata
686 3144 770 3214 dicta
790 3158 848 3214 eat.
900 3148 1094 3216 Generatam
1119 3171 1197 3215 vero

71 3232 147 3302 ideo
167 3232 282 3311 innuit,
322 3229 409 3321 quod
429 3231 606 3299 secuudum
626 3233 742 3300 multos
761 3233 856 3300 etiam
874 3232 943 3323 ipsa
957 3235 1238 3325 ,praejacentemaa

66 3319 239 3390 materiam
258 3315 344 3405 ὕλην
370 3318 497 3397 habuit;
534 3315 623 3405 quod
651 3317 725 3386 iicet
744 3318 839 3409 Plato
869 3342 1024 3408 nusquam
1051 3330 1196 3402 testetur,

69 3413 353 3494 nusquamdamen
373 3401 569 3472 contradicit
969 3436 971 3453 κ
1078 3404 1080 3413 ’
1203 3438 1214 3461 ·.

158 3491 210 3557 14.
251 3487 411 3555 Dicebant
432 3500 537 3564 tamen
570 3486 723 3566 nonnulli,
759 3498 856 3552 unam
885 3496 1005 3555 tantum
1037 3511 1108 3555 esse
1130 3490 1196 3555 ani·

69 3598 175 3656 mum,
205 3572 309 3640 idest
329 3571 549 3654 mundanam„
570 3573 669 3643 solam
693 3571 797 3638 omnia
822 3581 1040 3656 vegetantem,
1073 3585 1107 3641 et
1127 3575 1195 3640 uni·

71 3660 190 3748 cuique
209 3681 267 3748 pro
288 3681 347 3725 sua
369 3657 640 3727 bab'iiitaterires
662 3657 893 3743 conferentem3
925 3660 1017 3726 stellis
1041 3657 1236 3742 videlicetao

71 3770 152 3834 quas
173 3745 308 3811 divinam
330 3745 482 3822 formam,
501 3740 536 3808 id
557 3752 606 3811 eat
624 3740 812 3821 rotundam,
839 3741 991 3811 habentes
1005 3745 1210 3828 invenimus,

71 3840 105 3896 et
125 3831 322 3912 inclinibus,
343 3831 398 3916 qui
419 3829 476 3896 soii
499 3830 581 3894 inter
600 3827 724 3896 caduca
749 3826 915 3915 sphaerico
937 3831 1041 3918 capite
1061 3831 1195 3899 divinam

72 3916 208 3985 formam
226 3915 405 3994 imitantur,
439 3915 593 3986 rationem
621 3925 654 3980 et
673 3913 923 3995 sensualitatem
946 3917 1027 3982 ..iicet
1048 3940 1127 4006 prae
1146 3917 1195 3980 ui-

70 4002 137 4069 mia
158 4001 422 4088 contemplatione
453 3999 555 4067 divina
576 4001 679 4066 anima
708 3999 941 4067 sensualitatem
968 4024 1034 4091 non
1065 4001 1199 4068 muitum
1258 4056 1267 4079 ,

63 4098 238 4168 ‘exerceat3
281 4087 394 4153 ceteris
421 4107 496 4153 uero
525 4084 732 4154 animantibus
752 4094 880 4164 seucum
900 4097 934 4153 et
954 4087 1237 4174 vegetationem,tn

71 4173 240 4243 arboribua
269 4183 310 4240 ot·
331 4172 436 4240 herbis
466 4182 589 4242 enum
627 4172 869 4260 vegetationem
923 4171 977 4239 Et·
1001 4173 1085 4240 ricut
1112 4194 1195 4239 unua
