2632 4658
152 122 231 253 ιιι
410 174 592 279 Myuogr.
620 176 691 251 ιιι.
746 175 784 255 ι.
815 176 1013 253 s-n.

151 329 300 452 {luentem
320 361 547 431 clementomm
571 360 865 450 intemperantiam,
903 384 987 514 puae
1016 346 1075 453 par
1103 366 1281 469 temporum

31 464 34 471 ’
152 450 318 516 varietates
338 447 506 539 provenire
527 447 727 514 manifestum
749 460 816 528 est3
859 446 902 514 ad
927 470 947 514 e
975 446 1088 531 etiam,
1120 472 1198 538 qma
1221 451 1281 516 Sa·

152 534 235 600 turni
278 533 366 600 sidus
406 531 582 599 secundum
623 532 880 612 mathematicos,
932 542 969 599 ut
1008 532 1160 617 diximus,
1207 558 1282 602 con-

152 622 281 685 trarium
316 628 382 696 est,
424 627 458 684 ct
493 616 659 685 adversam
701 618 802 686 hahet
835 618 1120 698 constellationem,
1165 630 1200 687 et
1217 642 1225 655 ··
1240 622 1280 686 oh

40 709 43 719 ¹
128 705 191 770 sits
211 704 290 770 deus
313 703 481 770 malitiosus
502 715 642 770 vocatur.
660 714 663 719 ’
678 703 835 792 Denique,
858 726 899 768 no
918 703 960 770 de
982 703 1150 791 praedictis
1164 703 1280 796 pedem

153 790 184 853 in
201 801 323 856 arctum
343 791 437 875 figas,
458 787 535 857 dicit
556 810 629 855 eum
651 789 780 854 Servius
803 788 930 861 ohrhoc
949 800 1070 857 tannim
1091 791 1175 859 salios
1193 812 1279 857 eoru-
1313 856 1316 874 ,

153 874 275 949 edisse,
316 872 403 963 quod
434 872 504 961 ipse
533 885 582 941 est
601 873 681 939 deus
702 885 900 1025 tempprum,
939 896 1023 963 qnae
1053 875 1085 941 in
1113 898 1150 942 se
1179 877 1279 942 revol-

152 972 266 1026 vuntur
285 960 317 1025 in
338 973 510 1026 aeternum.
551 957 632 1025 Ideo
651 960 745 1025 etiam
811 971 938 1041 turnum
962 959 1040 1028 dicit
1061 974 1135 1027 eum
1156 960 1279 1028 'Pullius

152 1046 363 1122 nominatum,
397 1042 484 1131 q'uod
505 1044 611 1107 aunis
638 1054 838 1122 saturetur3
879 1044 954 1110 ideo
981 1067 1002 1110 a
1021 1046 1104 1112 Jove
1131 1047 1279 1125 vinctum,

112 1149 194 1197 ione
213 1129 440 1195 immoderatos
464 1149 575 1193 cursus
599 1127 735 1207 habeat,
757 1141 852 1215 atque
871 1142 907 1198 ut
927 1130 1104 1213 stellarum,
1125 1154 1188 1223 per
1200 1154 1277 1221 quas
1311 1139 1316 1160 ⁴

153 1215 329 1305 disponitur
350 1227 494 1304 tempus,
525 1213 654 1280 vinculis
676 1214 832 1302 alligetur.
915 1232 919 1241 ·

233 1302 264 1366 9.
306 1299 411 1364 Porro
440 1300 614 1365 Saturnum
644 1298 784 1365 Pollucis
820 1298 917 1364 filium
946 1299 1047 1367 refert
1072 1299 1276 1387 Fulgentius,

151 1387 216 1453 sive
237 1409 256 1451 a
274 1384 451 1471 pollendo,
482 1383 548 1449 sire
576 1382 901 1469 apollncibilitate,
936 1384 1023 1472 quod
1047 1385 1210 1471 vulgarius
1231 1385 1277 1450 di·
1314 1423 1316 1438 =

152 1465 251 1536 cimus
284 1469 519 1535 humanitatem.
580 1468 631 1534 Eo
665 1468 748 1535 enim
786 1466 892 1533 adhuc
924 1470 1100 1556 regnante,
1143 1492 1276 1536 aureum

111 1573 145 1620 ln
156 1555 250 1621 luisse
277 1552 438 1620 saeculum
466 1552 584 1621 dicunt.
637 1552 746 1640 thue
772 1554 930 1642 paululum
960 1554 1071 1644 vagari
1102 1553 1275 1636 videamur,

152 1641 324 1705 Saturnum
354 1638 440 1703 lacta
468 1635 685 1727 conjuratione
712 1660 770 1726 per
797 1637 893 1705 lilium
920 1663 1013 1707 suum
1039 1664 1060 1708 a
1084 1650 1214 1727 regno,
1244 1654 1278 1708 ut

151 1726 302 1804 diximus,
337 1721 502 1812 depulsum
531 1734 692 1802 asserunt,
718 1724 911 1812 lovemque,
940 1747 1024 1812 quae
1043 1737 1191 1815 tempore
1218 1727 1279 1795 Sa:
1305 1790 1308 1799 .

150 1810 233 1877 turni
262 1809 362 1896 viguit
397 1831 527 1898 pacem,
562 1810 782 1896 perturbasse,
815 1821 849 1876 et
875 1809 918 1874 ita
946 1832 1076 1877 aureum
1105 1810 1277 1891 saeculum,

25 1940 27 1945 .
151 1894 239 1981 quod
270 1897 310 1960 ab
340 1894 446 1959 aureis
473 1893 632 1971 moribus,
668 1916 748 1981 quos
776 1907 907 1961 eatenus
930 1895 1121 1976 habuerant,
1156 1896 1275 1989 dictum

108 1994 216 2060 uuest,
243 1981 274 2045 in
296 1991 486 2065 argenteum
508 1979 708 2046 convertisse.
750 1980 836 2046 Jovis
859 2002 995 2068 namque
1022 1995 1168 2069 tempore
1197 1980 1277 2047 rnul-

150 2065 280 2154 tosjam
303 2066 490 2131 interranis
519 2064 652 2132 subditis
680 2060 838 2151 sapientes
872 2078 995 2133 constat
1030 2068 1136 2132 fuisse.
1182 2067 1278 2134 Unde

149 2154 243 2217 etiam
276 2148 431 2217 debellato
460 2151 599 2217 Saturno
629 2161 725 2251 atque
759 2151 888 2236 l'ugato,
928 2152 978 2217 alii
1010 2153 1133 2241 tyranni
1162 2153 1276 2220 Jorem

148 2237 251 2324 ipsum
271 2248 405 2322 paterna
434 2235 609 2301 hereditate
637 2256 761 2322 prrvare
793 2236 916 2320 agressi
948 2249 1030 2315 sunt,
1081 2237 1173 2311 Quos
1202 2237 1277 2328 quia

150 2321 304 2389 machinis
328 2319 444 2385 bellicis
466 2319 641 2421 superarit,
670 2321 827 2407 Gigantes
849 2322 982 2407 tingitur
1003 2320 1196 2390 fulminasse.

107 2421 144 2469 25
236 2406 286 2473 Iu.
328 2405 413 2471 Nam
434 2404 550 2484 debs,
585 2428 665 2494 quos
687 2408 789 2473 Varro
812 2420 1059 2485 commemorat,
1091 2409 1276 2498 talparum

149 2491 191 2558 ad
213 2513 363 2580 praesens
384 2490 548 2577 negotium
571 2495 723 2572 attinere,
759 2488 866 2556 valea
892 2491 961 2578 ipsa
986 2492 1158 2559 memoriae
1188 2516 1276 2559 oom-

148 2576 290 2642 mendari
312 2578 362 2642 vix
383 2575 482 2663 digna
511 2574 691 2643 existimavi.
746 2576 797 2643 Ait
822 2599 978 2664 namque,
1016 2578 1172 2668 quosdam
1195 2591 1275 2649 tem-

45 2668 48 2673 “
148 2685 228 2749 pore
249 2661 353 2727 diluvii
374 2661 416 2725 ad
437 2672 560 2727 montes
590 2660 790 2748 confugisse
827 2661 880 2749 qui
908 2673 1020 2764 postea
1050 2666 1092 2729 ab
1116 2664 1184 2745 his,
1221 2665 1277 2753 qui

148 2748 191 2812 de
211 2747 277 2813 aliis
299 2746 456 2812 montibus
484 2746 668 2827 veniebant,
708 2746 787 2823 bello
809 2745 959 2827 lacessiti,
1000 2749 1094 2815 facile
1124 2772 1166 2815 ex
1196 2747 1275 2817 lucis

104 2831 362 2920 sosuperioribus
378 2845 436 2896 eos
458 2831 634 2897 vincebant.
675 2830 771 2897 Unde
791 2831 910 2899 lactum
933 2834 1011 2912 est,
1032 2835 1148 2900 utute·
1176 2858 1275 2938 supe·

146 2918 265 2998 riores,
287 2916 451 2981 inferiores
475 2938 549 2980 vero
573 2915 773 3003 terrigenae
795 2916 984 2985 dicerentur.
1025 2920 1070 2997 Hi
1092 2919 1187 2986 etiam
1208 2943 1275 2987 savo

147 3026 206 3088 pro
226 3001 405 3090 serpentina
428 3000 612 3079 calliditate,
634 3018 727 3088 quarn
749 3002 928 3083 habebant,
951 3004 1017 3071 sive
1031 3005 1112 3092 quia
1131 3003 1176 3071 de
1196 3004 1275 3073 locis

146 3089 313 3154 humilibus
344 3085 385 3151 ad
415 3087 579 3174 superiora
608 3087 792 3175 reptabant,
832 3111 888 3176 pro
925 3088 1059 3177 pedibus
1092 3088 1170 3156 dicti
1199 3102 1275 3160 suut

61 3180 71 3202 ·’
146 3173 294 3239 babuisse
315 3184 487 3258 serpentes.
541 3170 635 3245 Quod
665 3194 739 3237 vero
770 3195 809 3238 eo
843 3187 987 3261 tempore
1016 3175 1100 3241 saxis
1127 3174 1273 3243 homines

102 3274 180 3329 sset
200 3258 318 3327 truncis
339 3259 426 3323 nasci
448 3257 525 3324 dicti
545 3279 603 3322 sun
627 3304 636 3334 ,
678 3258 719 3322 ab
741 3259 803 3324 anti
827 3280 868 3323 ua
889 3258 1048 3339 hominum
1076 3260 1274 3331 habitatione

143 3347 191 3410 sic
212 3346 331 3411 dictum
353 3354 410 3409 est.
452 3345 534 3408 Ante
557 3270 658 3409 saclas
691 3341 773 3407 enim
805 3281 920 3410 iomos
962 3357 1017 3413 aut
1045 3346 1087 3411 in'
1106 3347 1193 3413 caris
1221 3368 1274 3413 ar·

143 3428 291 3511 boribus',
315 3437 379 3496 'aut
398 3429 428 3492 in
450 3427 605 3515 speluncis
627 3428 805 3493 manebant.
834 3429 896 3502 Qui
918 3436 1013 3581 :prium
1036 3429 1110 3497 inde
1130 3432 1273 3519 egrede-

143 3528 268 3596 rentur,
304 3526 359 3580 aut
379 3536 468 3580 suam
492 3512 666 3579 educerent
692 3512 849 3591 sobolem,
886 3515 917 3580 in
942 3516 1065 3583 edicti
1093 3530 1170 3584 sunt
1196 3540 1273 3606 pro-

144 3602 254 3667 creari.
296 3600 489 3678 Praeterea,
526 3611 561 3665 ut
589 3600 689 3664 refert
702 3596 915 3678 Lactantius,
950 3600 1026 3667 dum
1053 3601 1168 3668 deerat
1194 3624 1273 3670 usus
1315 3669 1316 3680 ,

102 3707 308 3765 tocasarnm,
345 3685 404 3771 ipsi
430 3685 462 3750 in
485 3706 604 3748 morem
636 3706 788 3774 pecorum
810 3688 1026 3770 vagabantur;
1059 3688 1139 3753 filios
1164 3699 1271 3755 autem

144 3793 218 3837 suos
240 3783 295 3837 aut
315 3773 463 3839 arborum
494 3770 615 3848 caveis,
658 3779 713 3834 aut
744 3772 895 3835 montium
924 3774 1083 3859 specubus
1115 3786 1272 3860 contege-

145 3859 228 3923 bant.
272 3856 362 3931 Quos
390 3867 591 3922 transeuntes
619 3857 769 3922 arborum
797 3855 845 3920 rel
872 3866 1021 3924 saxorum
1050 3859 1134 3925 fetus
1164 3860 1272 3926 existi·
1315 3881 1316 3894 ¹

140 3943 277 4092 mahali:
319 4022 400 4090 Inde
432 4037 497 4103 est,
538 4022 625 4111 quod
657 4022 805 4089 drountffl·
834 4023 975 4091 Arcades
1009 4025 1100 4092 astris
1132 4024 1270 4120 lunaque

100 4112 280 4200 aspriores3
304 4111 379 4197 quia
399 4108 458 4196 ipsi
481 4132 625 4194 carraque,
650 4109 682 4172 in
703 4108 860 4177 densitate
881 4131 1043 4176 nemorum
1067 4111 1133 4177 nati
1155 4129 1191 4182 et
1210 4140 1266 4193 nu7

144 4197 224 4279 triti,
254 4218 352 4285 quum
384 4194 514 4263 tandem
545 4196 575 4260 in
599 4195 691 4281 plana
713 4195 852 4278 exirent,
888 4220 948 4263 nec
969 4196 1073 4263 lunam
1106 4221 1171 4267 nec
1188 4201 1268 4289 „stel-
