2632 4658
149 158 234 239 aaa
440 159 624 263 upum.
650 160 722 235 m
778 120 843 237 rs.
896 155 1046 237 aaa.
1286 154 1292 179 “

150 346 330 413 universam
352 304 463 415 mundi
482 356 630 415 naturam
652 342 748 413 celeri
776 342 978 431 cogitatione·
999 282 1157 434 persue-
1205 342 1280 415 ideo

151 434 319 499 Musarum
353 434 477 499 tantem
506 430 630 519 ungula
667 431 791 519 rupisse
826 430 869 495 fin
896 429 977 509 itur,
1032 429 1099 497 nod
1131 431 1315 521 sapiends·

125 517 276 605 ¹potitis,
308 515 460 604 quiequid
488 517 735 606 proloquuntur,
767 513 851 581 admi
902 525 974 583 trat.
1009 453 1106 585 qldeo
1134 514 1180 585 de
1201 519 1279 587 Gor'·

152 603 247 689 gonis
269 601 428 687 sauguine
450 614 560 681 uatus,
581 623 666 690 quae
695 612 809 666 terror
834 600 1079 689 interpretatur,
1115 600 1209 693 quod
1227 603 1279 671 ini·-
1312 662 1314 670 2

125 690 231 755 atium
249 686 425 775 sapientiae
443 687 495 756 sit.
538 687 636 762 Quod
657 698 763 754 autem
791 685 886 754 timor
905 685 1045 769 initium,
1076 687 1283 771 atslisimm,

74 775 76 785 '
149 773 191 839 sit
211 772 404 860 sapientiae,
445 795 466 838 a
487 771 681 876 philosophis
703 771 783 838 haec
814 773 897 839 ratio
930 771 1043 854 datur,
1078 772 1170 863 quod
1191 786 1227 843 et
1244 776 1275 843 ti-

67 858 74 867 “
148 878 240 924 more
261 858 406 945 magistri
427 856 588 962 discipulis
610 858 913 946 sapientiaereseit,
935 870 969 926 et
983 856 1071 946 quod
1083 859 1141 947 qui
1163 859 1273 929 taum

148 942 305 1031 timuerit,
325 943 451 1032 sapiens
473 956 542 1013 ent.
584 943 631 1011 Bt
650 943 779 1019 merito,
801 942 964 1031 inquiunt,
995 942 1039 1010 de
1061 940 1272 1035 occisa-(ion
1310 975 1316 1020 ς

148 1049 238 1112 gone
257 1026 407 1116 Pegasus
427 1030 544 1110 oritur,
609 1029 675 1096 uod
703 1028 793 1097 finito
815 1040 848 1095 et
869 1026 1028 1096 annullato
1058 1029 1179 1097 fimare
1208 1030 1272 1113 insi-7
1312 1057 1316 1106 ι

105 1127 141 1177 lu
148 1113 307 1200 pientiae,
331 1114 498 1183 ‘subintrat
517 1052 635 1182 deiride
665 1115 698 1185 in
727 1112 901 1203 quemlibet
928 1113 1093 1181 seientia.
1137 1115 1272 1187 Stultit'a
1314 1169 1315 1175 1

146 1198 230 1265 enim
261 1222 389 1301 semper
425 1198 535 1269 timida
574 1212 633 1270 est
698 1198 795 1267 Unde
829 1211 863 1266 et
895 1199 929 1265 in
961 1136 1103 1267 intincta
1147 1214 1272 1289 pectore
1312 1250 1314 1265 ⁴

17 1345 20 1349 ,
145 1285 303 1369 Gorgon,
333 1283 368 1351 sd
400 1296 452 1354 est
477 1287 623 1351 terroris
644 1285 782 1372 imago,
809 1286 873 1353 fixa
893 1294 960 1366 est,
991 1295 1030 1354 ut
1056 1285 1271 1376 insipientibus
1314 1351 1316 1362 .

144 1392 272 1457 semper
291 1381 448 1438 terrorem
467 1371 613 1439 incutere
631 1369 785 1437 rideatur.
885 1400 888 1405 ·
1002 1424 1005 1433 .
1312 1398 1315 1447 t

230 1457 262 1523 4.
305 1456 428 1544 Pegasi
448 1479 512 1543 cpe
535 1455 749 1544 Bellerophon
776 1455 936 1524 interfecit
955 1454 1175 1527 Chimaeram.
1216 1456 1286 1527 Bal·

64 1589 67 1594 .
97 1546 253 1617 'stantem
273 1540 355 1607 haec
376 1541 494 1608 sabula
546 1540 686 1611 Proetus
717 1563 848 1609 uxorem
879 1542 992 1610 babuit
1011 1541 1157 1625 notiam,
1195 1565 1268 1633 quae

58 1630 62 1643 ’
143 1625 260 1691 amavit
279 1624 577 1719 Bellerophontem,
598 1650 704 1716 quem,
725 1626 801 1716 quia
821 1650 902 1695 suae
923 1648 987 1694 non
1007 1628 1144 1697 assensit
1164 1630 1267 1719 nequi·

22 1758 25 1764 Α
143 1711 227 1792 tiae,
256 1712 344 1801 apud
375 1713 522 1782 maritum
544 1735 638 1781 suum
659 1712 828 1780 accusavit.
883 1712 941 1779 Ille
963 1734 1037 1779 eum
1057 1711 1102 1779 ad
1124 1714 1266 1783 Ghimae

141 1816 210 1861 ram
229 1795 482 1866 interficiendam
512 1800 614 1877 misit,
628 1792 633 1803 ’
647 1822 746 1889 quam
776 1796 990 1887 Bellerophon
1024 1820 1109 1886 equo
1141 1800 1266 1901 Pegaso

56 1946 63 1961 ,
102 1938 105 1948 ,
140 1880 284 1950 residens
306 1883 473 1953 interemit
514 1883 656 1953 Proetus
675 1887 774 1973 igitur
786 1883 952 1972 Pamphila
973 1884 1080 2033 lingua
1100 1884 1266 1967 sordidus,
1309 1920 1316 1966 p

99 1967 236 2035 sohntia
257 1971 476 2036 contrarium
496 1969 742 2059 iuterpretatur,
760 1992 857 2057 quae
897 1992 937 2047 ro
957 1968 1011 2036 libi
1033 1970 1086 2035 ine
1106 1969 1266 2059 accipitur,
1309 2003 1316 2053 q

102 2105 105 2118 ,
164 2051 229 2118 uod
250 2053 325 2119 nihil
346 2051 429 2121 adeo
449 2055 555 2122 virtuti
576 2054 845 2143 quemadmodum
874 1993 971 2121 iibido
1000 2054 1199 2123 eontrarium
1217 2066 1287 2135 est¹

177 2159 238 2204 auc
257 2139 395 2206 Proetus
417 2141 514 2207 babet
536 2139 715 2230 conjugem.
758 2141 822 2209 Cui
844 2141 927 2206 enim
956 2137 1070 2219 libido,
1106 2139 1169 2207 nisi
1204 2160 1265 2207 sor·
1307 2206 1308 2211 ,

141 2221 241 2302 dido,
274 2224 376 2310 possit
396 2223 567 2305 adhiberi?
610 2225 824 2314 Bellerophon
854 2245 930 2292 vero
961 2224 1171 2313 sapientiae·
1195 2248 1265 2291 con·
1307 2280 1316 2305 ,

139 2308 294 2373 saltator
313 2304 380 2376 inte
419 2319 549 2378 retatur.
593 2311 669 2387 ‘Hic
689 2312 802 2379 antiae
820 2334 884 2377 non
914 2308 1091 2387 consentit,
1122 2308 1265 2399 quia-qu'
1311 2372 1312 2391 ,

81 2392 170 2458 sain
202 2329 529 2480 sapientiaeriahorat
560 2396 790 2485 vestigatione,
831 2394 994 2464 libidinem
1025 2414 1157 2461 omnem
1174 2418 1209 2469 ,a
1230 2416 1266 2467 ‚ss
1307 2388 1316 2484 i

136 2477 247 2545 nititur
267 2478 429 2568 elongare.
472 2478 522 2550 ad
541 2484 745 2551 Chimaeram
764 2483 874 2570 itaque
899 2477 1109 2549 occidendam
1127 2479 1265 2551 mittitur.
1307 2539 1313 2565 ,

137 2564 311 2631 Chimaera
350 2588 488 2655 namque
519 2569 649 2634 amoris
681 2568 876 2659 fluctuatio
913 2568 1179 2655 interpretatum.
1197 2566 1286 2649 ,Qu
1312 2624 1316 2647 ὲ

136 2649 235 2734 igitur
270 2650 388 2717 libidini
409 2638 590 2734 ieuuntiat,
626 2666 737 2720 contra
769 2674 911 2718 amorem
941 2673 1084 2740 pugnam
1099 2652 1271 2741 ,suscipiat
1309 2684 1312 2733 t

72 2786 82 2815 ,
135 2755 272 2801 necesse
292 2747 359 2818 est,
393 2760 490 2825 quem
525 2760 609 2827 equo
630 2738 784 2826 Pegaso,
817 2736 851 2802 id
879 2748 930 2819 est
949 2736 1104 2824 sapientia
1128 2736 1264 2829 adjutus,
1304 2759 1315 2828 ¹,

92 2830 129 2881 an
137 2820 251 2887 virtute
276 2819 440 2908 praeditas
462 2820 556 2888 facile
572 2822 699 2889 vineit»
725 2821 913 2889 Notandum
940 2843 1037 2901 sero,
1068 2822 1163 2910 quod
1183 2821 1264 2891 ideas
1308 2855 1315 2875 n

135 2905 295 2992 Pegasus*
311 2907 408 2976 etiam
479 2928 540 2975 uus
568 2906 712 2994 Neptuni
739 2905 845 2975 dictus
874 2919 925 2975 est
954 2931 975 2975 a
1005 2909 1171 2989 Graeco,
1194 2908 1264 2999 qais
1306 2963 1316 2989 ‚,

135 2986 229 3078 πηγὴ
256 3003 305 3058 est
324 2988 420 3078 jona.
504 3003 535 3061 st
576 3006 683 3061 autem
717 3015 887 3061 commune
924 2992 1065 3060 omnium
1096 2993 1262 3069 fluminum
1306 3059 1316 3073 ,,

124 3076 698 3232 tarentinenses
711 3079 830 3232 papa
852 3079 974 3229 tlt
993 3088 1271 3233 tittthffl'tt.
1306 3151 1316 3160 “

89 3248 223 3315 multae
242 3213 390 3353 ‘nonnisi'
419 3248 506 3316 circa
547 3274 645 3353 aquqs
687 3185 1084 3332 tunfflitpmirsueverinn
1116 3190 1260 3321 addila
1306 3219 1314 3303 i

135 3356 255 3486 ΜΨ
288 3335 1071 3501 titt?atttriti-t”thrianta
1085 3440 1129 3495 a
1146 3396 1260 3509 naqa
1311 3394 1316 3504 l

132 3505 285 3575 dicamus.
328 3505 497 3574 'Priformis
512 3508 663 3596 pingitur,
685 3508 806 3575 habens
821 3506 967 3574 videlicet
983 3517 1080 3610 caput
1090 3504 1258 3585 leoninum,

132 3605 275 3663 ventrem
310 3593 490 3681 caprinum,
527 3592 663 3659 caudam
701 3592 933 3682 serpentinam
970 3614 1055 3694 ,qma
1085 3588 1260 3659 inamois
1306 3669 1308 3672 Α

91 3689 199 3743 autres
219 3679 296 3743 item
317 3680 440 3764 gradus
458 3691 549 3751 sunt,
586 3679 620 3746 id
648 3692 697 3747 est
722 3680 813 3771 justa
842 3677 1067 3764 Fulgentrum,
1109 3676 1259 3767 incipere,

106 3762 306 3855 perticere,
344 3765 443 3830 linire.
491 3765 619 3833 Primus
654 3767 737 3833 eninr
771 3788 860 3835 amos
894 3766 928 3833 iu
956 3762 1176 3832 adolescentia
1204 3786 1259 3833 aas
1312 3833 1314 3841 ,

13 3928 21 3943 ‚
132 3846 283 3915 tenaciter
315 3848 433 3916 invadit
467 3863 503 3919 ut
523 3853 584 3919 leo.
627 3851 754 3918 Deinde
774 3852 975 3939 subsequitur
993 3838 1132 3925 libidinis
1151 3848 1260 4007 “fiii
1304 3876 1316 3937 J¹

130 3933 193 4014 tio,
210 3954 295 4022 quae
313 3957 372 4024 per
391 3959 521 4026 capram
541 3937 745 4023 designatur,
766 3936 841 4025 quia
859 3936 924 4001 h'oc
944 3935 1059 4003 animai
1077 3936 1113 4003 in
1133 3934 1189 4005 libi
1211 3936 1221 3955 ⁰
1307 3993 1308 4001 ,

131 4021 400 4109 promptissimum
437 4023 487 4090 sit.
538 4022 635 4090 Unde
660 4032 694 4088 et
715 4021 829 4111 ,Satyri
856 4042 930 4092 cum
952 4021 1089 4110 caprinis
1107 4018 1257 4089 cornibus
1314 4091 1316 4106 1

92 4107 327 4193 aspinguutur,
359 4107 433 4196 quia
454 4130 626 4197 numquam
647 4106 824 4174 lihidinibus
847 4115 1037 4175 saturantur.
1079 4104 1120 4173 In
1129 4115 1257 4201 postte·
1302 4067 1313 4191 i,

134 4193 194 4260 mis
213 4194 357 4280 partibus
379 4193 554 4260 draconino
574 4206 641 4274 est,
672 4193 747 4282 quia
778 4201 853 4281 post
881 4192 1097 4280 peractionem
1128 4190 1257 4261 aculens
1303 4214 1312 4273 ὴ,
