2632 4658
48 178 58 187 ·
138 164 220 244 ssa
383 164 721 268 vannus-11«
751 161 843 237 aas.
872 160 964 238 sos.
1096 98 1144 119 ¹¹
1236 90 1244 120 ’

135 354 272 422 doceret
291 352 322 417 in
342 350 493 441 patriam,
523 349 690 424 Deianira,
720 349 826 415 ridens
857 350 913 415 riri
938 347 1074 416 animum
1096 370 1116 415 a
1137 366 1176 416 se
1194 348 1267 419 alla·

138 463 229 519 num,
251 437 366 513 verita,
388 456 430 501 ne
451 436 480 501 ei
525 433 603 527 elles
628 435 857 522 praeferretur,
878 434 1029 514 Herculi,
1056 432 1129 500 Jori
1149 435 1267 501 sacrib-

139 538 268 602 caturo,
307 521 446 588 tunicam
478 455 623 606 plicatam
657 518 744 587 dedit
774 542 831 608 per
860 519 1008 586 famulum
1036 518 1266 613 perferendam.

139 613 213 686 Qua
240 605 367 674 indutus
397 603 552 671 Hercules
573 625 669 692 quum
697 605 845 670 adaram
868 607 1069 677 accessisset,
1098 607 1193 672 restis
1222 606 1266 670 in-

115 696 252 775 tepuit,
288 705 321 760 et
355 692 482 765 veueuo'
512 700 678 757 contracta
709 690 877 757 visceribus
906 691 1037 757 haesit·
1065 689 1112 753 In=
1134 690 1265 755 maximo

138 785 246 868 itaque
267 776 410 845 cruciatu
431 795 529 863 quum
550 797 571 841 a
592 794 728 861 corpore
748 776 816 864 ejus
838 774 925 840 aselli
948 775 1112 876 nelpuiret,
1133 775 1265 841 Licham

138 865 288 933 famulum
318 861 454 930 muneris
487 880 579 927 reum
606 860 751 927 Euboico
780 861 858 926 mari
878 861 1038 928 immersit.
1090 860 1196 939 Quem
1222 861 1267 925 in-

137 952 265 1017 noxium
284 949 397 1036 culpae
416 945 531 1013 Thetis
551 944 692 1012 vertitis
714 946 886 1034 scopulum.
927 946 1033 1018 Quum
1054 957 1160 1011 sutem
1185 946 1264 1011 Her-

42 1060 45 1065 ·
139 1036 224 1104 cules
252 1024 471 1113 intellexisset,
503 1027 546 1096 ad
570 1030 664 1097 sitam
686 1053 721 1097 se
743 1053 805 1097 nou
826 1052 922 1119 posse
944 1028 1073 1105 reverti,
1103 1043 1136 1096 et
1159 1031 1266 1095 veneni

97 1123 319 1199 loafficeretur
347 1114 513 1194 incendio,
546 1116 578 1181 iu
604 1118 705 1182 Aetna
732 1127 839 1184 monto
864 1137 900 1180 ro
925 1137 978 1181 nm
998 1113 1172 1182 voluntarie
1193 1138 1266 1180 con·

137 1205 276 1287 scendit,
298 1217 332 1273 et
352 1204 398 1270 sic
417 1204 500 1268 iuter
523 1198 601 1268 deos
619 1198 787 1268 translatus
808 1211 869 1267 est.
946 1200 1067 1266 ercules
1091 1221 1191 1288 quum
1210 1201 1265 1267 ho-

136 1294 252 1359 minem
278 1291 310 1356 in
342 1292 443 1355 Aetna
468 1299 577 1354 monte
604 1284 796 1373 deponeret,
830 1283 1016 1359 Philocteti,
1042 1286 1095 1371 qni
1132 1284 1191 1351 luit
1225 1286 1264 1364 de

136 1379 292 1444 Meliboea
313 1373 438 1442 civitate
458 1369 661 1448 Thessaliae,
689 1366 838 1439 Poeantis
860 1371 941 1447 filio,
969 1368 1011 1437 de
1031 1371 1176 1436 omnibus
1198 1372 1265 1439 reli-

137 1463 217 1549 quiis
239 1461 303 1528 suis
332 1455 499 1537 intimarit,
532 1467 566 1523 et
591 1478 632 1520 ne
661 1454 753 1525 alicui
783 1456 824 1521 de
852 1476 987 1544 corpore
1015 1477 1074 1522 suo
1101 1453 1263 1536 indicaret,

95 1557 210 1614 meum
225 1547 336 1636 jurare
357 1540 524 1631 compulit,
544 1539 637 1628 eique
656 1561 715 1627 pro
736 1561 866 1606 munere
887 1540 1037 1626 sagittus,
1059 1540 1182 1629 hydrae
1196 1543 1264 1610 lello

135 1634 267 1712 tinctas,
298 1628 435 1697 tradidit.
477 1626 597 1692 Postea
624 1623 766 1717 'Projano
794 1625 873 1689 bello
902 1647 1085 1712 responsum
1107 1638 1176 1701 est,
1206 1652 1262 1692 so-

132 1717 241 1803 gistis
272 1713 440 1781 Herculis
470 1732 555 1797 opus
585 1732 656 1774 esse
703 1712 752 1775 od
786 1709 918 1797 'Trojae
961 1711 1262 1796 expuguationem.

134 1804 281 1868 Iuventus
313 1800 421 1888 itaque
448 1789 642 1863 Philoctetes
680 1817 775 1884 quum
807 1793 908 1882 p‘rimo
934 1806 1083 1882 negaret,
1122 1817 1176 1872 sc,
1211 1797 1262 1868 ubi

20 1903 25 1915 ’
77 1936 79 1943 ·
133 1885 292 1953 Hercules
315 1894 414 1950 esset,
442 1879 540 1957 scire,
567 1878 694 1947 tandem
724 1880 887 1945 coufessus
909 1891 972 1956 est,
1005 1888 1162 1945 mortuum
1185 1904 1261 1951 esse.
1305 1921 1306 1927 κ

92 1971 214 2038 aolnde
244 1993 341 2059 quum
368 1965 483 2033 acriter
507 1962 770 2032 adiudicandum
794 1965 861 2055 ejus
883 1963 1060 2053 sepulcrum
1081 1979 1261 2052 cogeretur,

134 2057 217 2145 pede
262 2053 395 2121 orcussit
414 2062 549 2128 terram,
579 2072 676 2136 quum
709 2051 803 2117 nollet
824 2049 941 2115 dicere.
982 2046 1100 2115 Postea
1121 2073 1260 2140 pergens

134 2143 175 2210 ad
195 2080 325 2219 bedam,
346 2158 444 2227 quum
464 2144 608 2202 uteretur
629 2134 770 2221 sagittis,
800 2135 891 2200 nnius
913 2155 990 2200 casu
1012 2134 1190 2204 vulneratos
1212 2148 1262 2205 est

133 2228 163 2291 iu
192 2226 292 2314 pede,
324 2246 387 2311 quo
416 2233 617 2308 percusserat
645 2220 807 2286 tumulum.
863 2220 955 2305 Ergo
1010 2218 1082 2284 urim
1138 2235 1260 2290 utorem

132 2311 311 2378 insanabilis
323 2305 466 2374 uulneris
489 2305 607 2371 (irasci
630 2305 713 2370 ferre
733 2328 796 2370 non
817 2316 962 2392 possent,
985 2241 1037 2369 diu
1050 2242 1177 2393 quidem
1189 2330 1259 2375 eum

89 2421 191 2486 „pro
212 2395 332 2462 oraculi
352 2389 543 2461 necessitate
562 2390 720 2468 doctum„
732 2389 859 2458 tandem
882 2388 966 2478 apud
980 2388 1135 2456 Lemnum
1157 2392 1261 2460 subla-

132 2484 171 2552 tis
198 2483 390 2569 reliquerunt
420 2473 554 2562 sagittis.
596 2476 661 2542 Hic
691 2482 802 2624 'postea
828 2475 961 2540 horrore
988 2475 1035 2543 sni
1065 2477 1199 2545 vulneris
1220 2478 1261 2544 ad

131 2569 264 2656 patriam
286 2565 390 2632 redire
411 2561 566 2647 neglexit,
586 2559 644 2626 sed
664 2560 688 2624 si
712 2561 721 2625 i
743 2583 870 2649 parram
892 2558 1034 2626 Petiliam
1047 2561 1079 2625 in
1094 2563 1261 2630 Calabriae

130 2655 272 2741 partibus
295 2651 380 2717 lecit.
407 2646 503 2712 Dicta
523 2656 628 2713 autem
650 2642 890 2731 Petilia‚'quod
913 2656 985 2747 post
1000 2643 1141 2716 relictum
1161 2648 1260 2729 Ibam,

131 2761 195 2826 quo
218 2737 395 2804 ducebatur
415 2752 435 2798 a
456 2729 608 2813 Graecis,
629 2729 844 2826 eam'petivit
867 2731 1030 2799 civitatem.

275 2924 368 3001 166.
421 2921 614 3026 Asylum
650 2868 858 3023 nepotulis
889 2925 1122 3002 Herculis.

215 3059 391 3161 Postquam
427 3052 584 3121 Hercules
610 3053 757 3140 migrarit
784 3075 804 3118 e
831 3053 939 3132 terris,
979 3055 1033 3119 filii
1065 3068 1261 3149 nepotesque

59 3136 66 3147 ’
132 3145 199 3248 ejus
232 3143 378 3220 iusidias,
407 3161 486 3226 quas
511 3139 580 3226 ipse
607 3160 681 3203 arus
707 3139 915 3231 conflaverat,
942 3137 1103 3223 timentes,
1132 3133 1262 3211 Athonis

132 3230 191 3297 sibi
216 3229 307 3318 primi
336 3224 474 3314 asylum,
502 3223 564 3288 hoo
592 3235 641 3288 est
669 3221 816 3310 ternplum
846 3222 978 3308 refugii,
1010 3226 1172 3303 fecerunt,
1200 3228 1261 3295 hac
1283 3287 1293 3305 .,

133 3316 207 3402 lege
236 3323 476 3389 consecratum,
506 3318 543 3373 ut
567 3328 767 3393 quocumque
788 3306 917 3372 crimine
938 3330 1010 3375 reus
1032 3309 1073 3375 ad
1094 3310 1127 3375 id
1149 3315 1261 3380 coulu-
1293 3310 1296 3335 ²

24 3414 31 3423 ·
91 3437 126 3485 35
134 3410 245 3489 geret,
264 3401 311 3465 ab
328 3394 412 3462 omui
434 3415 516 3459 noxa
535 3391 614 3456 liber
631 3405 725 3470 esset,
747 3390 909 3479 nullusque
927 3415 998 3458 eum
1012 3394 1087 3462 inde
1098 3396 1263 3465 abducere

134 3485 275 3552 auderet.
317 3481 381 3549 Ubi
415 3490 449 3546 et
480 3478 611 3543 Orestes
639 3487 797 3554 extremo,
828 3478 928 3542 amico
956 3479 1078 3566 Pylade
1107 3483 1261 3565 trahente,

134 3571 273 3658 resipuit.
313 3567 443 3633 Dictum
480 3574 584 3630 antem
616 3561 721 3628 volunt
748 3559 886 3650 asylum,
917 3564 1005 3650 qnasi
1036 3588 1056 3632 a
1085 3587 1152 3631 non
1175 3579 1262 3633 tra·

135 3657 243 3720 hendo
264 3652 421 3740 spolium.
462 3649 538 3715 Hoc
558 3657 663 3715 autem
685 3645 843 3733 religionis
858 3647 913 3738 jus
935 3670 999 3714 non
1018 3650 1100 3718 inest
1117 3654 1263 3722 omnibus

136 3740 277 3828 templis,
305 3735 363 3804 sed
389 3733 504 3822 quibus
524 3753 713 3801 conoessum
733 3744 782 3800 est
802 3731 876 3820 lege
896 3737 1149 3806 consecrationis.

89 2978 127 3036 ³0

94 3990 129 4037 4,
496 3938 587 4015 167.
639 3943 907 4047 Phorcus.

166 4095 173 4106 ·
221 4071 385 4150 Phorcus,
413 4068 566 4136 'Phoosss
593 4068 626 4138 N
647 4073 761 4162 mphae
787 4089 819 4143 et
842 4070 1102 4164 Neptuni'filinm
1126 4096 1182 4142 rex
1206 4074 1265 4142 init

139 4157 291 4224 Corsicae
321 4167 353 4222 et
381 4152 554 4223 Sardiniae
614 4094 677 4231 dui
709 4181 805 4247 quum
834 4163 874 4229 ab
903 4160 1026 4230 Atlante
1054 4181 1134 4246 rego
1162 4160 1262 4230 carali
