2632 4658
374 166 874 282 uplagr.-1.·u-.-'ao.
994 272 997 279 ¹
1145 168 1198 251 aa

54 365 282 435 absconditum
327 363 425 433 luisse
469 350 552 431 intra
598 368 777 430 extructum
816 344 989 453 parietem,
1015 358 1198 516 pltatppam

56 478 74 520 u
102 461 275 531 noverant,
310 450 443 539 'l'rojam
481 472 554 516 esse
589 450 772 537 perituram.
826 449 937 525 uaoe·
962 448 1097 537 postea}
1137 451 1198 516 ello

57 476 277 606 llltnridattco
298 534 415 603 dicitur
435 534 577 601 Fimbria
598 535 727 621 quidam
749 535 915 601 Romanus
946 534 1108 602 inventum
1130 531 1197 603 r'inss
1309 572 1311 587 ι

58 622 203 702 (imese,
237 620 327 710 quod
346 621 483 686 Romam
505 630 631 687 constat
651 621 850 685 advectum.¹
872 620 1034 708 Ecquam
1065 628 1197 725 lespohf

59 733 128 777 sum
151 709 280 787 luisset,
311 706 373 773 illio
394 707 435 772 im
460 706 560 770 erium
587 705 676 779 fore,
710 698 763 771 ubi
785 718 819 773 et
838 705 1005 794 palladium
1014 714 1029 781 ,'
1045 706 1221 783 'adhibitos

58 795 219 861 Mamurio
240 793 352 870 labro,
386 730 483 857 multa
503 789 614 857 similia
634 790 721 857 facta
741 800 835 859 sunt¹
866 791 1092 859 Verumtamen
1116 794 1197 881 c'o'g'-

59 881 160 947 nitum
193 880 307 946 hastae
337 876 570 963 oculorumque
611 876 774 957 nobilitate
809 885 860 943 cst
897 878 955 957 ab,¹
972 884 1056 942 une'
1073 886 1217 963 tantum,

60 963 240 1032 sacerdote.
281 962 402 1029 Dicunt
416 984 502 1047 sane
523 960 590 1041 alii,
618 983 713 1043 unum
735 961 938 1028 simulacrum
958 960 1049 1028 ca'ele
1072 961 1197 1051 lapsum

59 1050 148 1204 pipud
168 1051 457 1205 Atheptasffltaptrppp⁸
487 1046 595 1149 luisse
633 1047 695 1118 ·Alii
715 1047 780 1115 duo
801 1047 927 1157 polunt3
958 1048 1038 1129 hoc,
1069 1046 1196 1139 detpuo

92 1158 215 1220 umus,
334 1155 354 1201 u
458 1154 596 1201 oniense.
678 1168 681 1175 ·
794 1166 878 1179 ···
975 1166 984 1179 ·
1205 1156 1240 1205 lo

230 1380 306 1495 ll,
344 1404 740 1517 ‘Andromachejat
772 1416 1026 1495 Molossus.
1079 1396 1101 1443 '¹
1146 1422 1152 1521 ζ

148 1564 399 1640 Consuetudinis
432 1572 545 1661 regiae
578 1572 657 1649 luit,
689 1583 726 1639 ut
761 1568 933 1658 legitimam
965 1592 1099 1639 uxorem
1134 1592 1199 1639 non
1235 1570 1239 1577 '

60 1659 235 1738 habentes,
257 1658 409 1745 aliquam,
428 1656 502 1725 licet
524 1658 696 1747 captiv-am,
710 1670 714 1679 “
727 1666 835 1723 tamen
856 1654 920 1745 pr'o'
937 1656 967 1723 le
992 1658 1078 1727 itima
1098 1656 1199 1723 h'abe-

59 1756 152 1826 rent;
183 1743 265 1810 adeo
285 1753 323 1811 ut
343 1742 432 1808 liberi
454 1766 493 1809 ex
514 1743 584 1830 ipsa
605 1743 669 1810 nati
698 1742 917 1812 succederent
967 1681 1080 1833 ltaque
1115 1742 1199 1833 Pyr-

61 1831 138 1896 rhus
159 1829 315 1918 captivam
336 1828 577 1895 Andromachen
618 1826 685 1894 nasi
701 1825 871 1915 legitimam
894 1827 1013 1905 habuit,
1045 1840 1077 1896 et
1097 1852 1135 1894 en
1158 1852 1241 1905 ears

61 1917 160 1981 lilium
188 1914 364 1989 Molossum
390 1936 485 1981 susce
507 1914 541 1981 it
591 1848 712 1980 llostea
742 1936 839 2001 quum
873 1914 967 1983 vellet
988 1914 1198 1999 Hermionen,

61 1998 200 2066 Menelai
235 2010 268 2068 et
303 1998 448 2079 Helenae
470 1938 586 2077 Alliam,
625 1998 734 2066 Oresti
766 1998 834 2088 jam
863 2011 937 2087 ante
966 2000 1200 2088 desponsatam,

62 2085 186 2152 ducere
203 2090 352 2165 uxorem,
384 2086 511 2153 Orestis
538 2082 658 2151 insidiis
679 2085 711 2149 in
733 2083 851 2172 templo
876 2083 1024 2174 Delphici
1050 2085 1201 2175 Apollinis

63 2173 190 2238 occisus
227 2172 285 2237 est
341 2170 461 2237 Verum
489 2170 632 2237 'moriens
670 2171 851 2259 praecepit,
897 2180 934 2237 ut
966 2169 1199 2253 Andromache,

63 2279 149 2345 quae
179 2255 264 2345 apud
294 2277 368 2321 eum
396 2255 544 2345 conjugis
576 2255 680 2322 locum
712 2266 876 2333 tenuerat,
914 2257 1040 2322 Heleno
1068 2257 1242 2330 dareturao

62 2354 198 2430 propter
234 2340 442 2427 beneficium,
484 2364 548 2429 quo
586 2360 711 2407 eumn
749 2340 950 2429 nauigatione
983 2342 1199 2433 prohibuerat.

62 2427 146 2495 Inde
166 2427 286 2493 factum
307 2436 376 2507 est,
397 2439 434 2495 ut
454 2437 580 2494 teneret
602 2439 635 2494 et
654 2450 790 2512 regnum
812 2426 963 2515 privigni,
996 2430 1049 2517 qui
1071 2426 1216 2494 sueces-¹

65 2523 153 2579 serat
172 2512 273 2601 patri3
304 2534 409 2599 aquo
438 2512 639 2578 Molossia
669 2512 755 2577 dicta
785 2525 834 2580 est
863 2530 937 2601 pars
963 2512 1073 2601 Epiri,
1103 2526 1199 2603 quam

64 2600 210 2664 Helenus
231 2620 251 2663 a
271 2596 372 2664 fratre
393 2596 574 2676 Chaone,
596 2620 690 2685 quem
710 2598 741 2661 in
767 2608 882 2663 venatu
904 2619 962 2685 per
985 2600 1198 2687 ignorantiam

64 2685 182 2777 dicitur
203 2682 375 2764 occidisse,
409 2682 640 2751 Chaonium
663 2684 849 2766 nominavit,
881 2683 971 2773 quasi
990 2685 1033 2755 ed
1053 2684 1242 2765 solatiumas

64 2770 171 2837 fratris
190 2768 332 2837 extincti.
1003 2772 1007 2777 ’
1203 2798 1206 2803 ·

464 2982 534 3061 42.
589 2970 802 3063 Sirenes·

150 3142 298 3224 Sirenes,
320 3126 499 3235 seeundum
521 3138 657 3223 fabulam
678 3153 762 3233 tres,
790 3152 881 3258 parte
901 3141 1039 3231 virgines
1063 3142 1201 3221 suerunt,

65 3238 160 3316 parte
192 3230 352 3307 volucres,
390 3226 522 3295 Acheloi
548 3225 685 3293 lluminis
713 3242 747 3296 et
774 3229 1078 3317 halliopes.Musae
1108 3232 1200 3297 tiliae.

64 3316 194 3380 Harum
217 3338 279 3381 una
300 3316 397 3393 voce,
425 3314 524 3381 altera
546 3312 645 3391 tibiis,
675 3312 734 3379 alia
758 3312 825 3401 lyra
847 3315 992 3383 canebat
1033 3318 1079 3384 Et
1100 3316 1242 3401 palmosa

59 3398 155 3488 juxta
178 3388 345 3480 Pelorum,
375 3413 450 3485 post
469 3400 500 3463 in
527 3399 664 3485 Capreis
699 3400 936 3480 habitandum,
972 3424 1056 3488 quac
1082 3403 1200 3468 illectos

64 3507 126 3551 suo
166 3495 263 3552 cantu
289 3486 322 3551 in
357 3485 527 3571 naufragia
559 3484 771 3551 deducebant.
824 3485 1009 3552 Secundum
1037 3489 1200 3552 veritatem

63 3571 257 3637 meretrices.
281 3570 430 3652 luerunt,
465 3592 549 3657 quae
580 3581 781 3638 transeuntes
815 3571 964 3658 quoniam
998 3571 1202 3639 deducebant

64 3655 106 3721 ad
128 3668 329 3746 egestatem,
361 3654 411 3723 his
432 3654 528 3722 fictae
548 3665 622 3721 sunt
640 3654 760 3723 inferre
781 3656 960 3743 naufragia.
1001 3658 1073 3725 Has
1093 3658 1200 3727 Ulixes

64 3740 299 3825 contemnendo
322 3739 455 3807 deduxit
474 3738 517 3807 ad
537 3751 692 3829 mortem..
1056 3818 1059 3825 Ι
1206 3757 1244 3807 3⁵

279 3992 378 4097 145.
432 3992 593 4069 Venus
619 3934 675 4066 ‘et
711 3990 953 4095 Pasi'pha'e'.

153 4129 302 4200 lnditato
325 4154 344 4197 a
372 4130 449 4196 Sole
479 4127 635 4195 adulterio
661 4128 772 4196 Martis
800 4141 834 4197 et
860 4128 1012 4209 Veneris,
1037 4128 1199 4195 Vulcanus

64 4216 281 4289 minutissimis
309 4218 430 4285 catenis
455 4213 607 4282 lectulum
637 4214 749 4297 cinxit,
781 4217 894 4302 quibus
926 4218 1012 4283 Mars
1036 4229 1069 4282 et
1095 4216 1202 4282 Venus
