2632 4658
384 166 566 277 uynop.
596 165 670 242 111.
724 163 764 240 s.
826 150 882 237 a?
1115 163 1195 241 rau

58 346 104 425 de
129 347 293 436 voluptate
314 357 476 415 certsrrmn
499 348 659 437 fingimus.
700 347 811 416 Habet
837 346 921 414 enirn
942 345 1071 428 labala,
1100 345 1197 413 'Pire-

55 434 140 499 siam
176 445 340 520 serpentes
372 432 453 500 duos
483 440 639 513 potantes
672 433 796 501 vidisse
853 433 944 508 Quos
974 452 1073 522 quum
1103 433 1198 519 virga

54 519 294 607 percussisset,
324 518 355 583 iu
385 518 536 586 seminam
557 530 696 587 mutatus
721 530 779 587 cst.
819 517 906 585 'l'nm
928 540 1004 586 vero
1023 526 1098 606 post
1117 526 1199 584 tein-

82 605 150 671 oris
173 604 305 681 seriem,
333 606 468 692 septimo
489 603 645 672 ridehcet'
660 625 764 686 auno,
793 603 925 671 eosdem
946 603 1023 672 vidit
1044 624 1195 668 concum-

56 629 193 770 llontes,
220 689 361 756 similiter
383 713 424 755 ue
450 691 490 757 iis
520 690 697 779 percussis,
727 691 760 756 in
792 689 927 756 lormam
981 689 1123 773 ristiuam
1143 696 1221 755 ests

56 776 239 842 restitutus.
283 776 336 843 Ob
360 714 440 856 hoc,
456 798 554 864 quum
583 775 628 842 de
649 777 765 842 amoris
782 774 935 862 qualitate
955 712 1041 841 luno
1063 785 1096 841 et
1115 773 1197 861 Jup-

57 861 144 948 piter
168 873 329 928 certamen
350 861 546 943 habuissent,
565 882 643 943 eum
655 859 798 951 judicem
821 860 996 948 elegerunt.
1025 860 1082 925 Ille
1096 859 1197 925 virum

58 964 129 1013 tres
152 946 263 1012 unicas
285 948 401 1013 amoris
422 948 559 1027 habere,
586 969 701 1013 norem
729 967 805 1012 vero
827 944 976 1012 seminam
995 944 1082 1012 dixit
1124 945 1197 1018 Qua

60 1054 99 1096 re
120 1032 208 1097 June
226 1031 306 1097 itata
326 1031 432 1098 lumen
456 1033 486 1099 ei
513 1032 641 1101 ademit
682 1031 831 1121 Juppiter
857 1052 951 1110 sero,
985 1042 1023 1098 ut
1050 1032 1079 1096 ei
1109 1029 1221 1116 quod·

60 1116 230 1196 amiserat,
252 1116 450 1204 aliquatenus
471 1121 663 1193 restitueret,
684 1119 863 1185 futurorum
874 1117 903 1182 ei
918 1115 1084 1185 scientiam
1098 1114 1236 1182 deditio

59 1200 210 1268 'l'iresias
228 1203 337 1289 itaque
356 1205 492 1269 aestiva
507 1202 714 1291 perennitas
732 1203 976 1291 interpretatum
1006 1199 1092 1267 unde
1112 1211 1145 1266 et
1165 1200 1197 1264 in

61 1290 172 1373 ligura
194 1289 346 1375 temporis
367 1290 503 1376 ponitur.
543 1289 690 1377 'l'empus
710 1289 810 1392 igitur
832 1288 992 1354 mensibus
1014 1284 1198 1352 hiemalibus

61 1373 159 1451 dum,
180 1374 272 1440 terris
289 1374 411 1460 frigore
423 1373 610 1456 constrictis,
632 1395 777 1460 germina
793 1371 875 1440 nulla
895 1372 1052 1462 producit,
1075 1392 1200 1436 mascu-

63 1458 159 1523 linarn
188 1458 425 1546 quodammodo
457 1460 579 1528 obtinet
608 1458 751 1527 formam.
795 1459 880 1524 Vere
907 1472 1012 1525 autem
1039 1458 1199 1543 ingresso,

64 1542 214 1613 ani-alia
229 1545 296 1634 jam
316 1544 473 1611 lasciviam
496 1546 677 1613 exercentis
698 1555 732 1613 et
752 1545 901 1612 cotuntia
920 1542 1039 1622 videns,
1061 1542 1241 1633 percutitqt

64 1652 105 1696 ea
127 1629 236 1715 virga,
257 1629 290 1695 id
313 1642 362 1699 est
381 1630 512 1698 fervoris
533 1644 641 1714 aestu3
662 1643 802 1720 tuncque
820 1631 853 1696 in
874 1651 984 1697 serum
1008 1627 1201 1709 femininum,

64 1713 98 1779 id
122 1726 183 1793 est,
203 1715 236 1781 in
253 1716 405 1784 aestivam
424 1717 537 1785 hausit
562 1716 800 1785 fecunditatem.
826 1714 906 1782 Ideo
921 1737 996 1780 vero
1017 1717 1049 1781 in
1070 1712 1202 1779 modum

67 1800 205 1865 feminae
237 1800 393 1868 aestatem
426 1824 581 1906 posuere,
619 1800 706 1890 quod
736 1803 769 1869 iu
801 1824 841 1867 eo
874 1814 1020 1887 tempore
1055 1799 1202 1885 germina

65 1886 173 1950 omnia
195 1887 385 1973 prodeuntia
412 1911 460 1954 sic
479 1888 544 1955 suis
566 1899 727 1977 tamqnam
748 1909 768 1952 a
789 1886 897 1953 matris
919 1897 1010 1950 utero
1031 1895 1202 1970 emergant

66 1969 222 2037 folliculis.
264 1973 370 2038 Porro
391 1969 456 2038 dno
475 1984 549 2040 sunt
569 1974 812 2062 conceptionum
832 1969 1018 2037 naturalium
1041 1980 1244 2056 temperato

66 2077 122 2120 rer
153 2056 301 2124 videlicet
328 2069 362 2126 et
390 2071 568 2127 autumnus.
622 2059 660 2125 ln
690 2070 842 2124 autumno
869 2056 968 2143 igitur
988 2053 1063 2121 dum
1083 2055 1199 2120 iterum
1290 2092 1300 2107 ·

66 2146 187 2208 coeunt
218 2143 381 2223 animalia,
410 2156 443 2212 et
469 2156 619 2212 seruntur
675 2143 811 2223 ermina,
843 2141 981 2229 percutit
1012 2163 1053 2206 ea
1084 2140 1201 2206 iterum

67 2227 231 2308 tiresias,
259 2229 363 2297 idest
385 2226 520 2317 tempus
535 2229 603 2321 jam
625 2164 674 2296 ad
688 2230 824 2315 hiemem
845 2248 1002 2329 vergens,
1022 2226 1146 2327 virga,
1172 2220 1207 2288 id
1236 2260 1247 2275 κ

68 2321 120 2380 est
136 2310 289 2400 frigoris
310 2315 471 2395 uredine,
501 2314 611 2405 sicque
634 2314 764 2384 tandem
783 2316 817 2381 in
837 2313 1000 2401 pristinam
1021 2309 1106 2376 redrt
1124 2308 1204 2374 ima-

93 2397 188 2463 inem.
239 2401 415 2466 Autumnus
442 2399 525 2466 enim
555 2400 639 2467 adeo
667 2412 785 2467 cuncta
818 2398 1021 2484 adstringit,
1044 2406 1081 2461 ut
1108 2395 1247 2479 etiamad

67 2418 191 2548 herbae
211 2480 281 2585 jam
311 2497 493 2565 marceant,
526 2487 597 2552 suci
625 2488 776 2553 arborum
804 2485 1025 2555 exsiccentur,
1053 2479 1128 2545 folia
1149 2501 1205 2544 ca-

68 2568 165 2645 dant,
195 2591 306 2656 srcque
325 2583 450 2660 tempus
472 2568 515 2636 ad
536 2571 640 2658 frigus
659 2572 795 2639 hiemale
815 2568 992 2646 declinans,
1022 2565 1055 2630 in
1079 2586 1205 2652 mascu-

67 2653 163 2719 linam
191 2656 361 2722 revertitur
388 2656 592 2724 sterilitatem.
644 2658 717 2725 Nec
745 2659 924 2742 incongrue
955 2651 1090 2740 septimo
1111 2671 1204 2721 ,anno

68 2761 182 2804 sexum
213 2754 353 2809 mutasse
383 2742 507 2809 dicitur.
561 2744 706 2831 Septimo
738 2743 820 2809 enim
849 2762 959 2806 meuse
988 2737 1087 2808 solem
1119 2736 1205 2800 vices

69 2837 251 2913 temporum
282 2828 405 2894 variare
435 2827 636 2895 manifestum
669 2840 728 2897 est.
785 2827 933 2913 Denique
970 2822 1096 2889 duobus
1133 2820 1248 2899 diis,to

69 2910 148 2996 igne
169 2921 266 3063 atque
287 2919 379 2992 atre,
400 2911 443 2978 de
464 2913 533 2980 volu
557 2924 640 2995 tate,
662 2913 695 2979 id
718 2924 767 2980 est
785 2913 829 2978 de
849 2907 1078 3001 procreationis
1093 2916 1207 2973 natura

70 2998 206 3063 certanti
231 3020 286 3076 us,
322 2998 470 3069 'liresias¹
499 2938 617 3066 arhiter
670 3000 829 3072 uaeritur,
861 2998 1061 3087 justumque,
1095 3002 1208 3078 utpote

68 3102 139 3167 reni
154 3094 315 3171 expertus,
330 3083 618 3172 prolertijudicium
648 3024 695 3151 ln
713 3081 942 3150 fructificandis
959 3082 1040 3145 enim
1055 3064 1208 3176 germipi-

70 3167 133 3232 hus
150 3167 242 3256 tripla
256 3170 296 3234 ab
317 3175 502 3256 aerequam
518 3170 589 3236 ahi
617 3192 656 3234 ne
671 3171 803 3237 materia
840 3166 971 3234 revenit.
1013 3163 1207 3229 utriscum
1295 3189 1299 3196 ·

68 3250 243 3321 humiditas
304 3255 403 3320 rmina
419 3254 504 3322 fovet
520 3255 552 3321 in
568 3191 681 3342 ghbis,
701 3268 734 3323 et
754 3191 902 3344 producit
914 3252 946 3317 in
962 3249 1060 3328 loliis,
1081 3256 1115 3312 ct
1127 3244 1250 3347 mul-tt

68 3337 195 3425 tiplicat
210 3340 243 3404 in
277 3339 426 3422 ollicnlis;
453 3342 541 3408 calor
565 3363 641 3408 roro
655 3342 740 3429 ignis
754 3352 916 3409 maturare
933 3348 1054 3404 tantum
1071 3342 1156 3397 novit
1176 3352 1210 3395 ru

68 3424 193 3509 grauis.
214 3423 283 3489 Sed
294 3449 369 3492 mox
381 3427 525 3493 'l'iresias
536 3438 688 3493 caecatur
699 3427 861 3502 alarona,
874 3423 926 3488 illa
941 3419 1087 3486 videlicet
1101 3438 1209 3499 causa,
1269 3442 1272 3451 ·

69 3506 160 3596 quod
178 3508 291 3576 hiemis
308 3523 371 3578 tem
396 3535 432 3578 us
453 3511 558 3578 nubilo
579 3513 662 3579 aeris
682 3512 841 3598 caligante
858 3511 1030 3593 nigrescat.
1061 3502 1211 3588 luppiter

70 3607 191 3675 tamem
215 3596 347 3682 singulis
364 3535 478 3664 <liebus
492 3597 799 3685 quantuluscumque
820 3591 984 3662 hiemalem
1006 3588 1222 3675 asperitatem.

70 3678 202 3759 leniens,
219 3684 373 3748 seminum
386 3693 527 3750 satorum
540 3682 679 3770 spondet
693 3683 803 3750 saltem
822 3693 855 3747 et
868 3677 959 3767 qnasi
976 3676 1038 3764 jam
1055 3670 1252 3760 praedicitso

70 3779 270 3854 proventum.
313 3765 411 3836 Unde
433 3780 466 3836 et
486 3769 665 3836 futurorum
685 3768 818 3855 fingitur
838 3763 867 3831 ei
886 3758 1223 3829 dedissescieutiam.

156 3853 188 3918 9.
231 3852 315 3920 Nam
337 3856 379 3919 ob
399 3854 481 3921 hanc
500 3875 568 3920 rem
582 3856 677 3921 etiam
691 3854 791 3923 Janus
809 3851 930 3918 bilrons
946 3847 1101 3937 pingitur,
1122 3839 1210 3943 quod
1252 3872 1256 3888 ·

70 3946 105 4004 et
120 3940 287 4039 praeteria
312 3940 463 4027 respiciat
484 3951 517 4006 et
538 3940 645 4007 lutura
665 3939 868 4028 praevideat3
900 3957 995 4023 quem
1027 3941 1133 3996 tamen
1162 3927 1213 4013 alii

68 4034 170 4089 totius
193 4027 265 4090 anui
288 4023 450 4093 dominum
471 4024 595 4104 volunt,
625 4049 720 4113 quem
746 4024 778 4089 in
807 4031 946 4112 quatuor
965 4033 1113 4102 tempora
1135 4036 1213 4079 con-

67 4119 134 4175 stat
163 4133 236 4176 esse
264 4111 418 4190 divisum,
457 4111 596 4199 ideoque
630 4110 767 4177 eundem
796 4106 1048 4197 quadrifrontem
1069 4099 1256 4250 pingunt&

66 4194 152 4261 Anni
172 4211 280 4264 autem
303 4221 376 4264 eum
399 4221 471 4265 esse
493 4197 654 4266 dominum
675 4219 728 4265 res
748 4195 799 4263 illa
820 4194 954 4284 prohat,
984 4187 1081 4276 quod'
1103 4209 1122 4252 a
1175 4205 1216 4249 0⁰
