2632 4658
43 128 188 227 “es
257 82 330 162 .·
416 90 429 195 s
500 92 928 275 asarenam.

35 391 39 402 ,
94 297 99 307 ¹
135 331 279 405 Cadmus
303 332 435 424 accepit.
448 331 677 414 Hermonem,
709 330 805 401 filiam
827 331 979 415 Veneris,
1010 330 1121 400 uxoris
1143 328 1268 437 Tuluni

134 432 169 488 et
188 420 319 501 Martis,
342 418 384 485 de
405 422 470 509 qu'u
490 421 602 505 genuit
621 421 785 506 Agarem,
814 418 993 501 Semelem,
1024 422 1208 513 Autonoern
1241 429 1270 484 et

36 558 39 563 .
133 507 279 611 Inonbm.
322 506 433 591 Agave
461 505 575 656 genuit
603 502 791 571 Pentheum.
833 500 962 606 aemes
991 502 1172 571 Bacchum.
1214 504 1271 571 Au-

137 604 235 659 tonoe
255 592 428 657 Actaeona.
489 612 546 662 no,
574 610 655 654 uxor
681 588 894 668 Athamantis,
945 600 996 656 ost
1016 588 1199 675 Nephelem
1218 609 1271 675 ge·
1306 618 1314 680 3

49 674 58 699 ‘
113 670 206 747 audit
228 676 381 741 Phrixum
409 685 443 741 et
470 673 603 753 Hellen,
636 674 881 775 Learchumet
934 675 1105 777 elibertam.
1125 671 1271 773 'Cadmo
1309 724 1314 765 Ι

137 758 654 931 adulteraretur
670 760 922 933 litaretur
949 759 1066 930 liiii:
1083 756 1272 910 {lull

78 912 83 931 ¹
136 871 360 1019 Amphionem,
387 927 440 1015 qui
462 927 617 996 successit
637 928 748 1019 Lyco,
770 938 804 995 et
822 893 946 1018 accepit
966 929 1112 1021 Nioben,
1141 927 1186 993 de
1214 950 1273 1015 qua

136 1016 250 1104 gennit
269 1024 393 1102 septem
412 1012 494 1080 filios
516 1025 549 1081 et
564 1011 699 1080 totidem
714 1011 811 1115 'filias

96 1123 137 1173 to
179 1160 183 1173 ,
220 1100 320 1205 baius
342 1098 386 1165 de
404 1098 533 1167 Iocasta
555 1099 669 1251 genuit
689 1098 860 1188 Oedipum.
904 1095 1055 1188 Oedipus
1078 1097 1121 1168 de
1135 1099 1272 1203 ⁶Iocasta

136 1199 250 1275 genuit
275 1182 444 1254 Eteoclem
483 1196 517 1252 et
586 1182 761 1273 olynrcem,
801 1184 959 1251 Ismenem
1002 1194 1036 1253 et
1073 1186 1272 1272 Anugonam.

136 1276 291 1342 Adrastus
308 1271 432 1358 'genuit
461 1269 593 1357 Argiam
621 1281 655 1338 et
682 1269 882 1358 Deiphylem.
932 1269 1021 1373 Mars
1052 1272 1272 1375 genuitvPsr-

136 1358 294 1426 theonem.
342 1356 508 1423 Pantheon
540 1367 652 1442 genunt
682 1356 841 1424 Oeneum.
889 1355 1043 1423 Theanus
1110 1368 1201 1425 enuit
1223 1355 1272 1421 Al·

138 1445 286 1522 thaeam,
318 1441 469 1512 Toxeum
496 1451 531 1509 et
557 1441 648 1510 Plexi
671 1438 756 1546 puris:
807 1442 938 1507 Oeneus
965 1439 1009 1507 de
1032 1441 1068 1509 Al
1105 1443 1273 1545 eagenuit

94 1530 338 1615 1so1e1eagrum
358 1539 392 1595 et
418 1529 565 1613 Corgem
586 1539 621 1594 et
673 1548 833 1593 erenrram.
875 1526 1042 1614 Meleager
1062 1542 1177 1615 genunt
1196 1529 1272 1594 Par-

43 1678 46 1685 .
122 1615 359 1702 rthenopaeum.
387 1611 522 1700 Tydeus
535 1612 568 1678 T
590 1610 709 1694 didem,
730 1612 784 1701 qui
806 1612 866 1679 suit
886 1612 951 1679 dux
971 1614 1004 1679 in
1019 1613 1165 1704 Trojano
1186 1613 1272 1679 bello.

218 1701 302 1768 Item
325 1699 477 1787 Iuppiter
503 1695 546 1763 de
656 1720 715 1780 na,
750 1697 814 1764 filia
839 1697 938 1779 Coei,
968 1700 1083 1786 genuit
1100 1700 1272 1789 Apollinem

136 1786 359 1889 etnllianaru.¹
405 1781 594 1865 Secundum
631 1782 796 1887 quosdam·
817 1785 926 1851 Coeus
955 1784 1016 1886 luit
1043 1784 1124 1887 lilius
1157 1784 1273 1889 Titani,

93 1869 445 2026 austrude?
458 1891 548 2023 tlt.
561 1868 1007 2045 liltartllllilttr
1021 1869 1273 2044 lidbiki]
1310 1956 1314 1991 ι

100 2098 105 2107 .
135 2053 304 2112 senseram
322 2041 479 2193 inipuitabi
497 2060 627 2122 eorum,
656 2043 826 2145 caelestem
857 2063 1004 2145 mernere
1025 2041 1185 2146 scandere
1205 2062 1275 2109 eur·

135 2152 217 2196 rum.
268 2129 351 2195 Item
392 2137 519 2217 upprter
539 2129 713 2196 concubuit
734 2150 807 2194 cum
827 2127 931 2218 Maya,
962 2138 996 2194 et
1016 2140 1131 2213 genart
1149 2128 1275 2195 Mercu·

134 2215 227 2281 rium.
270 2212 431 2297 Vulcanus
462 2212 505 2278 de
530 2213 667 2291 semine,
703 2235 763 2280 seu
793 2213 935 2293 femore,
963 2213 1109 2285 Junouis.
1159 2214 1275 2294 Pallas,
1312 2250 1314 2269 ι

94 2322 220 2455 25puae
249 2308 284 2366 et
307 2297 467 2378 Minerva,
499 2296 542 2364 de
564 2299 699 2365 cerebro
718 2298 816 2366 Iovis.
857 2300 976 2367 Heben
989 2300 1110 2453 gennit
1128 2302 1215 2368 Jnno
1237 2297 1276 2364 de

157 2407 233 2465 ose;
253 2381 431 2452 secundum
453 2382 631 2472 quosdam,
648 2381 692 2450 de
709 2383 853 2464 lactuca,
885 2385 968 2453 Item
1019 2406 1098 2473 enus
1119 2385 1164 2453 de
1184 2396 1275 2454 natu-

102 2526 105 2533 .
136 2472 254 2537 ralibus
287 2470 435 2550 Saturni,
469 2491 489 2535 a
523 2469 605 2535 Jove
637 2468 681 2536 de
707 2493 811 2557 regno
844 2470 975 2559 expulsi.
1017 2470 1100 2537 Item
1127 2473 1276 2562 Iuppiter

97 2576 100 2589 ·
136 2557 310 2623 concubuit
339 2577 412 2637 cum
431 2554 562 2635 Danai,
583 2555 647 2622 filia
667 2557 793 2638 Acrisii,
816 2568 848 2624 et
870 2557 983 2643 genuit
1002 2578 1042 2622 ex
1055 2579 1095 2622 ea
1109 2560 1276 2627 Perseum.

137 2643 220 2708 Item
240 2641 413 2707 concubuit
435 2663 508 2707 cum
529 2639 641 2721 Leda,
671 2665 773 2708 urere
793 2642 957 2732 Tyndari,
987 2642 1018 2707 in
1040 2646 1149 2731 speeie
1171 2643 1276 2735 cygni.

137 2725 219 2794 Inde
236 2725 302 2793 duo
325 2748 384 2792 ova
406 2736 482 2793 nata
501 2737 592 2808 sunt,
619 2749 659 2792 ex
682 2750 817 2815 quorum
839 2727 938 2795 altero
960 2727 1079 2796 Castor
1097 2743 1130 2798 et
1151 2730 1275 2810 Pollux,

95 2826 178 2880 aces
198 2808 259 2880 alio
281 2810 515 2901 Clytemnestra
538 2822 571 2879 et
591 2811 716 2881 Helena
736 2827 833 2881 natae
853 2825 935 2882 sunt.

219 2896 394 2986 Lycurgus
421 2896 535 2984 gennit
562 2896 741 2987 Phyllidem
764 2910 797 2967 et
816 2900 1056 2967 Archemorum.
1097 2900 1215 2969 Aeetes
1235 2899 1276 2966 de

136 2984 172 3052 H
194 3005 274 3071 paea
293 2982 406 3070 genuit
428 2982 625 3071 Chalciopen
647 2997 681 3053 et
701 2984 849 3052 Medeam
869 2997 902 3054 et
920 2987 1098 3074 Absyrtum.
1125 2986 1275 3054 Ovidius:

156 3092 222 3132 ‚on
244 3067 390 3155 Hypsea
410 3090 538 3153 parens
560 3069 806 3159 Clzaleiopeque
834 3093 940 3136 soror.
982 3070 1137 3139 Admetus
1161 3070 1205 3138 de
1225 3071 1275 3138 Al-

135 3163 229 3221 ceste
258 3154 372 3242 genuit
398 3153 511 3220 Nisam
539 3164 579 3220 et·
605 3155 831 3222 Stenoboeam.
880 3157 947 3223 Pro
980 3157 1060 3223 Nisa
1090 3158 1216 3224 servivit
1246 3156 1276 3221 ei

94 3240 247 3328 asApollo
262 3251 385 3327 septem
401 3240 499 3305 anuis.
536 3239 752 3307 Stenoboeam
774 3243 900 3329 accepit
919 3241 1058 3308 Proetus
1080 3242 1113 3308 iu
1133 3265 1276 3308 uxorem.

136 3327 247 3414 Apollo
280 3324 323 3391 de
352 3323 516 3391 Coronide
545 3324 658 3410 genuit
679 3327 917 3414 Aesculapium.
966 3328 1066 3407 Item,
1099 3328 1276 3395 secundum

160 3412 313 3492 academ,
347 3410 458 3501 Apollo
487 3411 660 3478 concubuit
687 3435 759 3479 eum
788 3414 911 3493 Ethea,
947 3425 980 3481 et
1007 3415 1120 3500 genuit
1148 3415 1276 3482 Circen.

135 3437 228 3566 Tdem
246 3497 369 3586 'genuit
396 3496 588 3584 Pasiphaen.
628 3496 710 3564 Item
738 3498 883 3587 Juppiter
913 3499 1086 3567 concubuit
1115 3521 1190 3566 cum
1209 3500 1276 3566 Eu-

96 3606 251 3734 ..lita
263 3584 805 3755 Tiaiiiilliiahiltllioi‘
816 3608 870 3736 <1⁰0³
890 3583 1277 3758 lillal'lilliil

136 3752 317 3833 Ariadnen,
347 3765 381 3820 et
406 3754 623 3840 Androgeum.
674 3757 852 3837 Ariadnen,
885 3756 918 3820 in
949 3755 1051 3821 insula
1085 3780 1106 3823 a
1142 3757 1277 3824 Theseo

136 3839 296 3917 relictam,
320 3841 446 3924 accepit
464 3841 625 3919 Bacchus,
646 3844 822 3930 genuitque
843 3865 883 3907 ex
904 3865 943 3906 ea
965 3842 1124 3908 Thoanta.
1161 3843 1276 3911 Thoas

136 3926 251 4010 genuit
270 3924 485 4012 Hypsipylen,
522 3949 606 4011 quae
626 3926 791 3995 habitabat
810 3928 842 3993 in
863 3926 988 3992 Lemno
1009 3928 1118 3992 insula.

152 4051 155 4057 ·
221 4011 356 4078 Laertes
374 4010 487 4096 genuit
507 4012 642 4077 Ulixem.
675 4012 782 4079 Ulixes
803 4012 845 4079 de
864 4012 1028 4098 Penelope
1047 4011 1159 4100 genuit
1176 4012 1275 4079 Tele-

95 4096 294 4165 remachum.
345 4095 532 4162 Teucontus
571 4097 683 4179 genuit
713 4097 928 4164 Palamedem.
977 4098 1134 4186 Nauplius
1163 4100 1278 4184 genuit

138 4183 327 4273 Telephum.
356 4185 496 4251 Antenor
512 4183 624 4270 genuit
640 4183 836 4252 Artilochum
858 4197 890 4254 et
906 4188 1090 4253 Acamanta.
1121 4184 1279 4253 Phoebus
