2632 4658
26 42 42 133 l

313 132 327 272 s
356 186 602 294 muner.
657 187 932 283 111-,111
990 234 993 246 ·
1075 224 1079 233 ·
1157 192 1215 273 ao

46 366 203 444 'bonate
234 385 285 442 est
309 334 410 454 xerano,
451 384 489 442 nt
520 374 584 441 tale
613 374 731 463 pignus
762 377 879 445 amoris
911 399 933 446 a
962 377 1045 447 lore
1078 386 1215 469 peteret,

72 460 210 548 proinde
239 460 414 527 samaritas
445 458 544 547 ipsius
576 461 764 540 concubitus
794 462 928 550 insignis
960 475 1058 532 esset
1114 463 1213 539 Quod
1293 534 1301 547 ,

74 544 565 715 ltt'tt’tttt'htltltttz
584 544 945 703 iiiifflilie‘ilffiim
962 547 1214 704 2112122

862 655 897 701 es
936 657 956 699 o
1052 683 1060 701 .
1136 658 1176 702 eo

75 730 107 785 et
124 718 230 806 ipsam
250 717 380 783 flemma
400 714 530 782 adussit.
580 714 752 795 bibemus,
781 655 977 809 donoeptard
992 732 1103 796 utero,
1129 721 1236 810 lup-s

74 805 156 891 pitea·
182 802 331 868 irreendio
359 798 490 887 eripuit,
519 823 559 866 ao
588 799 710 867 feruore
736 802 832 870 insuit
856 826 925 870 suo.
974 806 1095 874 Postea
1122 828 1212 873 eom·

73 888 166 976 pletis
200 886 394 972 mensibus,·
413 885 590 972 Nymphis,
623 909 708 972 quae
737 887 879 977 Nysam,
919 903 1059 958 montem
1089 890 1214 973 Indiae,
1297 902 1300 909 '

73 973 394 1062 perfrequentabaut,
437 971 518 1036 elam
544 968 676 1038 tradidit
706 972 916 1041 nutriendum.
968 977 1100 1065 Septem
1128 978 1213 1044 enim

75 1060 204 1125 fuerant
240 1079 388 1136 sorores,
432 1056 566 1122 eaedem
597 1056 629 1121 N
645 1056 769 1143 mphae
800 1058 990 1141 Dodonides
1025 1059 1212 1148 appellatae,
1277 1073 1287 1083 “

96 1167 160 1213 uae
183 1168 203 1209 a
225 1143 381 1233 Lycurgo
407 1137 541 1227 iugatae
566 1138 609 1207 ad
663 1142 759 1209 hetim
806 1145 1015 1233 refugerunt,
1045 1158 1081 1212 ut
1100 1147 1255 1215 scribittu

73 1169 283 1319 dhereeydes
312 1241 345 1296 et
370 1226 584 1313 Asclepiades.
636 1228 741 1301 Quam
769 1168 811 1295 oh
840 1252 969 1298 causam
991 1230 1140 1298 'ab-Jove
1165 1232 1234 1301 eis.

100 1315 183 1382 retia
210 1326 260 1381 est
286 1313 405 1393 relata,
437 1311 525 1400 quod
550 1312 634 1378 iuter
662 1310 768 1378 sidera
792 1325 868 1383 sunt
882 1314 1082 1384 constitutae
1118 1320 1213 1407 ‘quoe

74 1337 148 1468 in.
180 1420 325 1487 nomem,
344 1395 481 1486 Hyades
512 1406 587 1464 sunt
618 1397 803 1546 appellatae.
863 1401 959 1470 Hinc¹
977 1366 1214 1552 Biberipater,
1241 1402 1245 1410 “

73 1484 332 1574 sendlionysusl,
360 1484 498 1570 tigribus
517 1482 635 1550 sedere
655 1483 783 1567 icitur,
813 1485 901 1574 quod
924 1488 1025 1553 omnis
1046 1486 1214 1556 rinoentia

58 1570 194 1638 tentati
207 1584 361 1722 “semper
379 1570 523 1642 insistat:
560 1578 595 1634 et·
620 1566 750 1662 Lyaeus
781 1570 897 1643 dieitur
928 1572 1018 1660 quasi
1050 1570 1253 1641 lenitateml⁶

74 1666 251 1745 praestans.

315 1654 422 1722 arenis
450 1664 557 1725 autem
584 1652 744 1745 pingitur,
775 1656 850 1751 quia
876 1649 1013 1728 ebrietas
1039 1678 1210 1749 numquam

73 1753 201 1810 matura
226 1749 285 1807 est
1058 1794 1060 1799 .
1229 1768 1253 1778 --

113 1958 119 1975 s
204 1875 296 1955 121.
347 1879 1080 1984 Liberetduppiterflcmmou.
1203 1840 1211 1933 J

160 2004 282 2097 Libcrj,
321 2031 380 2075 seu
412 2007 594 2098 Dionysus,
638 2032 735 2097 quum
770 2007 868 2076 Indos
899 2006 1060 2098 peteret,
1087 2016 1118 2074 et
1154 2010 1213 2092 pei·

74 2096 282 2187 Xerolibyam
305 2093 478 2161 exercitum
501 2092 650 2175 duceret,
673 2095 824 2182 fatigatus
845 2094 912 2174 siti,
932 2092 1020 2160 Jovis
1043 2092 1091 2158 sui
1113 2090 1254 2179 patrisso,

75 2184 238 2250 auxilrum'
252 2179 445 2267 imploravit:
475 2190 510 2246 et
535 2181 641 2246 statim
663 2180 729 2248 viso
753 2181 869 2256 ariete,
903 2180 973 2246 fons
1001 2189 1130 2244 secutus
1154 2184 1211 2243 es't.
1244 2178 1252 2199 ²

57 2267 174 2336 'Unde
198 2267 316 2349 factum
341 2275 392 2332 est
419 2265 460 2331 ab
485 2286 524 2329 eo
552 2263 704 2354 deinceps
725 2265 813 2349 Jovi,
844 2264 1018 2334 Hammoni
1045 2264 1086 2328 ab
1108 2261 1237 2345 arenis,

76 2354 184 2434 dicto,
210 2350 411 2419 simulacrum
437 2373 509 2416 oum
531 2350 634 2437 capite
656 2350 798 2419 arimino.
848 2350 945 2428 Quod
971 2348 1044 2416 ideo
1068 2348 1209 2435 lingitur,
1292 2386 1296 2427 ·,

76 2441 153 2530 quia
174 2436 256 2507 uotis
277 2436 345 2530 ejru
366 2446 441 2503 sunt
460 2434 600 2503 involuta
619 2448 781 2526 responsa.

272 2549 279 2565 ⁸
319 2572 414 2650 122.
467 2575 607 2650 Liber
642 2587 685 2650 et
716 2526 961 2676 Tyrrheni.
1050 2580 1055 2591 “
1214 2581 1251 2634 tt

164 2706 270 2782 Quum
296 2702 457 2805 Tyrrheni
487 2714 605 2783 nautae
633 2701 842 2773 dormientem
872 2699 904 2775 iu
935 2697 1031 2787 litore
1056 2695 1208 2762 Liberum

75 2801 203 2880 patrem
232 2790 438 2868 insonarent,
473 2789 584 2856 suctim
609 2812 682 2856 eum
711 2789 743 2855 in
772 2807 881 2854 nerem
914 2806 1004 2850 suam
1026 2793 1209 2870 rapuerunt.

77 2877 143 2953 Qui
164 2898 261 2964 quum
282 2884 368 2941 esset
388 2886 592 2962 experrectus
616 2874 651 2941 in
671 2875 758 2954 navi,
785 2895 850 2961 quo
876 2869 1050 2937 duceretur
1072 2870 1208 2934 interro·

75 2962 176 3064 gavit
217 2957 469 3049 Responderunt
495 2959 554 3040 illi,
610 2985 652 3027 uo
680 2959 779 3026 vellet.
821 2956 923 3025 hiber⁴
946 2954 991 3022 ait
1017 2950 1060 3019 ad
1080 2952 1206 3019 Naxum

76 3047 228 3128 rusulum,
267 3044 326 3112 sibi
354 3056 520 3113 sacratam.
574 3045 620 3112 ll’
648 3057 754 3113 autem
784 3040 844 3109 alio
876 3039 945 3107 vela
973 3041 1106 3105 flectere
1133 3052 1249 3105 coe-su

77 3143 205 3223 perant.
244 3131 460 3206 Quamobrem
482 3153 599 3198 numen
617 3132 733 3198 iratum
753 3129 853 3215 tigres
873 3126 932 3193 sibi
951 3123 1071 3195 diosus
1094 3122 1209 3189 visibus
1244 3178 1249 3193 .

78 3240 191 3284 eorum
212 3215 344 3305 objecit3
370 3237 504 3304 querum
523 3216 565 3285 illi
584 3227 708 3287 terrore
726 3212 901 3306 perterriti,
927 3232 999 3280 sese
1019 3209 1209 3298 praecipites

76 3305 111 3372 iu
131 3305 252 3371 fluetus
272 3300 403 3369 dedere.
785 3341 789 3347 -

192 3438 285 3518 125
338 3438 478 3547 Liber
503 3451 631 3551 peter
657 3422 705 3515 et
724 3390 965 3541 Lyeurgus
996 3379 1104 3509 rex.-

164 3567 338 3661 Lyeurgus
367 3591 423 3636 rex
453 3569 615 3636 'l'hracine
646 3568 714 3636 fuit
771 3569 853 3645 Qui,
895 3577 931 3633 ut
963 3561 1069 3631 fabula
1101 3560 1206 3640 habet,
1214 3582 1249 3632 11

77 3655 156 3722 dum
189 3662 393 3739 contemnens
420 3655 591 3730 Liberum,
631 3654 699 3744 ejus
724 3663 868 3741 amputat
894 3653 990 3729 vites,
1028 3669 1123 3715 crura
1138 3647 1209 3712 'sue

77 3741 202 3809 incidit
238 3740 293 3806 Re
312 3753 418 3808 autem
439 3763 515 3807 veru
536 3741 707 3807 abstemius
728 3737 806 3821 luit3
833 3758 914 3827 quos
935 3743 1060 3802 constet
1079 3731 1209 3800 achoris

78 3851 152 3897 esse
173 3837 326 3910 naturae;
354 3825 441 3916 quod
463 3826 556 3893 etiam
579 3848 599 3893 a
619 3824 837 3892 Demosthene
858 3821 978 3891 dictum
995 3826 1061 3889 'est
1136 3868 1139 3873 -

343 4048 345 4053 s
459 3979 553 4057 121.
604 3982 830 4058 Minerva.
902 3990 907 4003 ¹
975 4028 978 4038 ι

163 4114 322 4196 Minerva,
351 4111 414 4181 deo
438 4111 627 4202 sapientiae,
659 4111 829 4180 multorum
854 4060 1014 4176 inventuri
1034 4105 1093 4175 leit
1118 4106 1253 4191 inge-so

81 4198 215 4270 uiorum
255 4202 359 4301 ι111111
378 4202 506 4269 Graece
525 4193 667 4287 Ἀθηνᾶ
684 4196 816 4280 dicitur,
844 4192 930 4286 apud
950 4191 1086 4287 heduos
1105 4202 1212 4295 autern
