2632 4658
293 103 575 250 nrynogrss'nr.
616 149 671 224 a.
696 152 699 157 ·
728 151 921 229 19.-90.
1100 104 1194 233 arr
1254 152 1260 168 ‘

32 331 197 417 quintum,
233 334 402 412 memorari
425 332 512 421 qarod
535 331 644 419 capis3
677 341 818 413 sextum,
836 333 888 399 de
910 347 965 404 tuo
995 336 1034 404 ali
1058 334 1174 407 nid'si-

30 417 106 482 mile
137 419 167 484 ei
224 417 289 483 uod
324 419 501 509 memineris
547 417 703 496 invenire;
742 416 928 504 septimum,
968 361 1054 509 rprdll
1087 427 1171 492 inve·
1201 498 1204 503 ,

28 503 117 568 neris
162 441 327 592 Jallicare;
385 514 548 586 octavum,
596 499 638 566 de
674 526 713 567 eo
748 501 833 588 quod
868 503 994 593 judicas
1033 506 1204 597 eligere3'¹

29 609 169 667 nonum,
198 587 286 676 qnod
316 588 451 677 elegeris
493 590 576 654 bene
604 585 757 674 proferre.
810 588 910 656 Alium
940 584 1066 680 qdidem
1099 597 1169 661 Mu-

29 695 140 738 sarum
177 674 341 751 ordinem,
385 674 541 764 aliamqne
575 665 685 739 scribit
716 671 886 760 Remigius
923 678 1210 765 expositionem;5‚

28 757 108 835 sed,
148 770 184 826 ut
215 760 289 825 mihi
319 759 417 824 visum
447 772 512 838 est,
551 757 652 833 minus
687 756 863 825 evidentem
904 772 935 826 et
968 776 1089 830 tantum
1123 767 1164 830 ad

14 825 201 910 lectionem
222 845 368 910 Martiani
389 843 617 932 pertinentem,
646 840 785 929 ideoque
810 848 968 932 praesenti
991 851 1079 936 operi
1107 874 1169 917 non

20 926 170 1016 judicavi
205 931 428 1011 necessariam.
492 929 554 995 His
583 927 697 1014 igitur,
740 940 774 994 ut
814 929 1044 1017 praediximus,
1087 937 1170 1004 velut

25 1012 220 1101 quibasdam
244 1013 286 1080 ad
309 1014 493 1102 sapientiam
521 1013 677 1100 gradihus
711 1011 839 1100 Apollo,
876 1017 1050 1104 sapientiae
1079 1020 1168 1102 deus,

27 1119 94 1163 non
124 1099 281 1166 immerito
305 1100 437 1187 lingitur
458 1097 649 1187 praesidere.
775 1107 777 1113 ’
903 1122 904 1127 ’
1014 1174 1016 1186 Ι
1062 1169 1066 1176 ,
1174 1138 1210 1184 10

115 1185 166 1250 19.
209 1184 396 1251 Secundum
417 1185 459 1273 ph
482 1185 565 1255 sicas
592 1195 699 1250 tamen
719 1180 816 1270 longe
837 1183 897 1249 alia
917 1182 1040 1254 ration'e
1064 1187 1164 1255 Musis

23 1289 181 1356 praeesse
217 1269 351 1350 dicitur;
411 1209 481 1337 uod
512 1267 656 1334 videlicet
691 1267 738 1332 sol
772 1270 803 1332 in
839 1269 944 1336 medio
968 1272 1166 1360 planetarum

22 1354 151 1441 positus
173 1365 273 1422 totam
307 1294 488 1420 mundanae
517 1351 734 1420 concinentiae
767 1355 1015 1442 magnitudinem
1043 1370 1164 1446 tempe·
1233 1378 1235 1382 ’

21 1460 103 1504 rare
125 1440 330 1507 existimatur.
384 1439 436 1506 De
456 1461 521 1527 qno
546 1438 687 1505 Tullius:
731 1437 844 1519 “Dux,
874 1440 994 1528 inquit,
1028 1455 1060 1508 et
1082 1445 1184 1528 prin-¹

25 1546 107 1611 ceps
141 1539 174 1592 et
206 1526 388 1592 moderator
425 1524 575 1591 luminum
608 1524 816 1611 reliquorum,
857 1549 946 1591 mens
989 1528 1095 1609 mundi
1131 1543 1205 1605 et15
1251 1541 1254 1549 “

26 1611 246 1696 temperatid'.
304 1611 435 1676 Habent
467 1612 548 1675 enirn
573 1609 773 1694 theologicae
795 1609 931 1676 rationes
965 1612 1065 1698 ipsum
1096 1615 1160 1701 pla·
1199 1618 1202 1625 '

23 1707 135 1766 netem
151 1708 336 1784 septemque
347 1696 499 1796 sphaeras
520 1696 679 1783 subjectas
694 1694 800 1782 jungi,
821 1699 1014 1763 etcontinuo
1031 1721 1164 1786 propor-
1217 1732 1222 1739 e

18 1780 129 1845 tiones
156 1782 292 1849 musicas
329 1781 503 1847 adinvicem
540 1788 685 1847 servante
719 1791 827 1856 motu,
875 1781 1016 1868 singulas
1068 1807 1163 1850 sonos
1273 1836 1276 1840 .

21 1865 50 1931 si
101 1863 171 1932 ulos
214 1878 248 1934 et
295 1867 538 1933 concinentiam,
570 1863 737 1929 maximam
790 1864 950 1930 conficere
995 1869 1163 1934 universas.

10 1952 59 2029 A¹
102 1962 159 2017 unt
178 1957 306 2041 quoque
352 1950 528 2037 hsiologi,
563 1970 675 2013 novem
707 1948 815 2014 Musas
845 1949 919 2014 nihil
948 1949 1032 2017 aliud
1052 1953 1205 2025 intelli-20

49 2033 168 2114 endas,
200 2059 295 2125 quarn
325 1976 353 2104 ll
416 2036 624 2123 sphaerarum
653 2033 791 2098 musicos
830 2045 961 2115 cantus,
998 2050 1031 2104 et
1066 2060 1160 2103 unam

13 2119 28 2136 “
52 2143 124 2200 am,
145 2144 227 2208 qnae
248 2145 288 2188 ex
309 2122 455 2188 omnibus
476 2117 720 2193 consonantibus
743 2118 927 2201 coniicitur,
955 2118 1161 2188 harmoniam.

13 2202 122 2270 Unde
143 2218 176 2273 et
197 2216 341 2273 octavam
370 2206 538 2283 Uraniam,
566 2202 598 2278 id
633 2214 683 2270 est
710 2203 907 2284 coelestem,
940 2228 1055 2272 nonam
1086 2232 1160 2273 vero

11 2287 167 2372 Musam,
188 2276 288 2379 ipsarir
311 2290 456 2359 videlicet
477 2302 551 2356 octo
572 2311 684 2355 vocum
706 2287 955 2369 universitatem,
986 2293 1160 2381 Calliopen,

12 2373 54 2439 id
76 2386 127 2441 cst
157 2378 309 2463 optimae
328 2378 420 2441 vocis
449 2376 566 2441 dicunt.
611 2371 804 2438 'Secundum
836 2374 1021 2461 Remigium
1051 2391 1207 2452 tamenos·

12 2457 118 2549 hujus
139 2461 322 2541 harmoniae
344 2461 424 2527 ratio
446 2461 540 2549 paulo
559 2459 647 2533 aliter
665 2459 856 2544 assignatur.
899 2460 949 2527 Ex
966 2474 1049 2529 terra
1065 2464 1157 2539 enim,
1291 2536 1295 2543 ¹

10 2567 121 2646 qnam
144 2544 192 2612 alii
221 2545 410 2613 immobilem
438 2559 471 2614 et
504 2547 572 2612 sine
602 2566 680 2609 sono
716 2566 788 2608 esse
808 2555 984 2626 asserunt,
1027 2548 1186 2613 innuere·
1281 2569 1284 2575 ·

13 2628 294 2699 vrdelur‘nonuru
328 2655 458 2701 sonum·
484 2629 657 2719 provenire.
713 2628 816 2693 Porro
849 2629 942 2719 hujus
976 2632 1172 2703 harmoniae·

10 2712 237 2804 aolprinceps
262 2727 320 2784 est.
373 2717 450 2806 Ipse
474 2717 557 2783 enim
585 2716 616 2780 in
637 2712 743 2780 medio
774 2713 835 2779 VII
866 2716 1090 2802 sphaerarum,
1124 2731 1157 2784 ut
1205 2783 1207 2786 ,
1246 2790 1253 2796 ,

10 2798 176 2882 diximus,
213 2803 421 2884 constitutus,
454 2825 562 2868 earum
590 2799 761 2878 stationes,
792 2821 904 2866 cursus
933 2812 966 2867 et
995 2825 1199 2883 recursus-ao

10 2882 135 2953 sedet
155 2886 343 2955 elevationes
366 2900 398 2955 et
421 2885 640 2975 depressiones
671 2908 730 2951 sua
760 2884 788 2948 vi
819 2887 939 2951 variare
961 2887 1002 2952 ab
1024 2889 1157 2955 astrolo-

10 2971 85 3074 gis
102 2974 174 3039 com
197 2974 337 3040 robatur.
390 2973 487 3051 Inde
510 2973 604 3037 etiam
633 2969 719 3056 apud
751 2969 897 3036 Graecos
927 2975 1171 3060 Monetam-'tan⁸

10 3055 49 3121 rd
73 3055 125 3124 'est
187 3060 330 3123 usurum
347 3059 529 3144 princeps,
552 3055 655 3121 dictus
683 3064 758 3152 est..
796 3055 882 3118 Hinc
905 3066 938 3120 et
964 3078 1088 3144 cygnus
1102 3062 1157 3138 .,ei,

37 3140 109 3227 nod
144 3155 261 3207 canora
295 3141 359 3208 avis
390 3155 455 3221 est,
505 3141 592 3227 juxta
631 3140 814 3224 Remigium
856 3154 1061 3209 consecratus
1101 3159 1157 3210 est
1242 3151 1244 3155 ’

10 3165 206 3293 ἓοουηόυω
228 3225 391 3299 nonnullos
411 3230 635 3314 tamen‘quum
658 3225 719 3313 sint
741 3246 871 3303 novem,
901 3237 936 3292 nt
957 3224 1063 3313 ajunt,
1095 3229 1196 3299 cir-as

10 3310 81 3379 culi
116 3311 287 3392 mundani,
332 3334 489 3392 summus,
532 3334 626 3399 quem
660 3307 825 3392 ‹ivoocpoa
862 3307 990 3387 dicunt,
1028 3327 1061 3378 et
1083 3313 1170 3378 alti·¹
1203 3342 1217 3369 »ι

10 3419 106 3482 mus,
141 3399 194 3486 qui
216 3409 362 3463 terrenus
391 3408 458 3477 est,
487 3419 571 3481 sono
602 3405 721 3461 carent.
773 3393 904 3479 Septem
934 3406 1007 3480 sunt
1038 3396 1164 3484 reliqui,·

10 3492 147 3569 reptem
168 3482 375 3547 discrimina
407 3504 527 3561 vonum
550 3479 774 3553 conficientes,
804 3501 939 3564 quorum
962 3480 1155 3548 harmoniam

10 3564 187 3654 Orpheus,
206 3579 243 3634 ut
264 3568 446 3654 perhibent,
480 3566 598 3652 primus
620 3564 661 3628 de
686 3560 848 3643 rehendit3
878 3563 964 3629 unde
986 3576 1019 3631 et
1039 3566 1196 3654 Apolli-rc
1307 3636 1311 3644 x

10 3652 61 3719 nis
86 3651 188 3718 Gallio
212 3674 316 3739 esque
333 3651 413 3717 filius
436 3650 550 3716 meruit
571 3587 731 3736 appellari.
1043 3727 1044 3730 Ἴ
1161 3676 1166 3730 4

15 3724 21 3751 '
98 3737 152 3802 20.
227 3738 271 3805 uit
298 3749 406 3804 autem
435 3735 605 3841 Orpheus,
650 3745 686 3800 nt
719 3729 918 3818 pauxillulum
948 3733 1153 3818 expatiemnr,

10 3822 57 3890 tir
80 3821 237 3897 maximus
257 3834 322 3889 tam
353 3820 470 3906 ingenii
502 3818 687 3904 claritudine
711 3838 805 3903 quam
828 3814 1028 3903 eloquentiae
1050 3824 1152 3888 suavi-

10 3916 79 3976 tate
111 3906 327 4010 praefulgens.
386 3903 548 3972 Sacerdos
573 3903 681 3970 'dictus
712 3913 779 3980 est,
811 3901 886 3988 quia
920 3913 952 3967 et
981 3903 1173 3999 theologus!
1280 3908 1285 3913 ’

10 3993 89 4070 luit,
124 4005 272 4080 etsorgra
294 3991 413 4079 primus
436 3990 577 4057 instituit.
635 3989 710 4075 lpse
732 3987 825 4053 etiam
849 3986 993 4052 homines
1029 3989 1151 4057 irratio-

10 4077 157 4145 nabiliter
180 4079 315 4144 viventes
340 4077 498 4142 rhetorica
531 4074 697 4140 dulcedine
729 4095 768 4136 er
800 4070 873 4135 feris
902 4084 934 4137 et
963 4073 1192 4147 immanibusts

10 4165 102 4232 nites
124 4160 263 4236 reddidit
284 4174 316 4229 et
339 4175 540 4241 mansuetos,
562 4173 596 4228 et
616 4185 653 4226 ex
678 4158 767 4244 vagis
790 4153 939 4244 durisque
962 4163 1148 4246 composuit.
1244 4240 1249 4257 ι
1277 4223 1283 4231 .

664 4260 847 4333 ·1t*'
