2616 4658
466 78 938 397 itit*
1121 236 1159 281 ··
1287 204 1299 485 t

219 425 347 495 Deinde
367 426 526 499 Junoaem
548 429 640 519 quasi
658 436 787 508 aerem,
809 452 908 520 quam
932 429 1084 521 iuppiter
1109 432 1175 501 sibi
1196 456 1266 527 nup·

138 524 204 581 tam
226 514 346 581 catenis
368 515 474 582 aureis
497 515 617 603 ligasse
637 514 771 597 dicitur;
802 539 899 607 quam
929 516 1024 584 wem
1091 516 1172 586 titud
1190 520 1266 609 regi

139 621 213 664 nam
240 597 372 677 deorum
400 602 565 670 vocabant.
620 603 705 671 dunc
735 613 844 669 nutem
865 624 885 670 a
907 602 1021 685 juven
1047 626 1068 667 o
1099 603 1193 674 dicta
1218 616 1267 674 et

115 683 221 750 oldeo
243 697 277 752 et
296 685 405 773 regnis
426 709 578 775 praeesse
598 684 730 767 dicitur,
762 688 837 777 quia
864 686 947 757 haec
967 685 1030 753 rita
1059 687 1183 759 divitiis
1209 702 1267 759 stu

137 768 222 836 dent.
263 770 366 839 Deam
387 785 516 861 pnrtus,
546 784 580 841 et
599 795 750 877 ornneme
771 772 887 861 nuptiis
907 771 1033 849 voiuut,
1066 774 1164 877 quod
1195 774 1265 844 diri-

136 855 202 923 tine
221 876 349 949 semper
366 877 569 948 praegnaoes
589 872 653 929 sunt
673 871 708 930 et
725 880 961 949 nonnumquam
980 858 1159 931 abortiunt:

474 1054 517 1133 ii.
568 1055 769 1135 Jnuonis
800 1084 928 1159 paru.

57 1257 61 1272 Ι
220 1183 381 1273 Hujus'in
400 1182 501 1253 tutein
520 1205 675 1272 pavonem
695 1197 834 1276 ponunt,
865 1184 942 1274 quin
970 1183 1076 1252 onais
1097 1184 1185 1270 rite,
1215 1210 1264 1279 pn

72 1300 75 1305 ’
96 1270 257 1341 totentiae
281 1282 392 1359 petus,
422 1291 552 1357 semper
570 1271 695 1359 quaerit
714 1283 855 1339 ornatus
900 1270 967 1337 Hic
987 1283 1098 1338 nutem
1118 1295 1207 1365 paro
1225 1296 1266 1343 ee

136 1355 276 1458 cundum
303 1354 426 1422 fabulas
452 1356 534 1422 {iiius
564 1367 635 1427 erat
661 1357 852 1460 Aristaeum·
867 1368 907 1461 ⁸et
933 1354 1125 1459 priusquam
1154 1359 1191 1427 in
1211 1360 1265 1429 erit

135 1453 587 1601 tittittiffiin
603 1445 906 1596 dtinuit
925 1444 1234 1599 didimi.

135 1623 199 1691 tae,
220 1612 368 1700 apposuit
388 1575 566 1692 cusiodem,
588 1634 632 1679 ne
647 1528 796 1702 iippim
815 1548 950 1681 :igleom
971 1576 1083 1715 poiset
1100 1616 1265 1683 accedere

95 1698 241 1772 uuQuom
261 1719 360 1785 quum
380 1698 529 1786 iuppiter
545 1720 606 1787 per
623 1699 819 1768 Mercurium
839 1698 1182 1781 intermiscendum
1202 1724 1267 1770 eum

136 1782 169 1849 in
190 1805 345 1874 pavonem
368 1783 518 1866 mutavit,
546 1784 632 1855 etin
655 1807 747 1866 sunm
771 1783 902 1855 tutelam
925 1783 1060 1875 recepit

475 1996 517 2075 6.
568 1999 773 2077 Junouis
806 2000 912 2078 Iris.

220 2124 309 2192 Huic
329 2125 424 2193 mam
448 2122 525 2191 lrim
546 2127 638 2214 qumi
662 2149 772 2195 arcum
795 2133 978 2215 apponunt,
1007 2123 1084 2212 quin
1116 2114 1269 2194 sicut‘iiie

137 2211 240 2279 varios
256 2223 392 2278 ornatus
415 2211 548 2298 accipit,
577 2214 622 2279 ita
645 2213 789 2290 fortuna,
811 2211 952 2300 quamvis
977 2208 1019 2280 ad
1043 2230 1206 2298 praesens
1223 2230 1270 2275 or-

93 2310 230 2376 uonntu,
251 2308 358 2364 tamen
377 2308 427 2364 est
448 2297 541 2363 citius
563 2297 706 2385 fugitive.
747 2295 807 2363 Iris
829 2309 948 2376 autem,
967 2293 1105 2361 Junonis
1124 2296 1269 2373 ministra,

136 2382 312 2451 secundum
337 2389 449 2471 potitos
472 2380 704 2452 Thaumantias
729 2382 816 2453 diota
845 2392 911 2455 est,
948 2401 1063 2468 nempe
1078 2378 1267 2450 ‘'l'haumun

135 2471 175 2536 tis
201 2469 273 2535 filia.
316 2470 469 2537 Ceterum
490 2490 530 2533 ex
559 2469 769 2538 admiratione
790 2469 853 2536 hoc
873 2484 988 2551 nomeu
1013 2465 1164 2552 accepit3
1192 2487 1269 2554 quae

137 2552 304 2621 admiratio
328 2576 368 2619 ex
392 2554 460 2643 ejus
481 2553 621 2620 nescitur
641 2555 809 2624 coloribus
852 2553 913 2619 iris
935 2551 1052 2621 dicitur
1079 2553 1177 2638 quasi
1198 2562 1268 2637 ἔρις,

35 2714 38 2719 ,
137 2638 170 2705 id
199 2651 248 2706 est
268 2639 325 2704 lis.
357 2637 442 2703 Nam
463 2659 635 2725 numquam
665 2640 708 2711 ad
736 2638 984 2707 conciliationem
1013 2637 1167 2718 mittitur,
1197 2639 1271 2704 sicut

93 2724 333 2796 2⁵Mercuriuss
353 2721 412 2789 sed
435 2742 560 2810 semper
580 2724 624 2792 ad
646 2724 916 2793 disturbationem.
945 2721 1078 2793 Falsum
1094 2734 1145 2791 est
1160 2736 1270 2799 auten,
1299 2743 1306 2811 t

136 2807 224 2896 quod
256 2807 372 2876 dicitur
395 2830 467 2877 esse
494 2807 636 2879 ministra
662 2821 784 2878 tautum
806 2809 955 2889 dearum,
982 2830 1080 2897 quum
1102 2821 1137 2875 et
1158 2832 1180 2875 a
1199 2810 1270 2879 Jove

136 2894 323 2984 pierumque
343 2892 502 2983 mittetur3
524 2904 580 2965 ut:
611 2895 761 2965 Aeriam
779 2894 875 2961 caelo
894 2917 976 2958 nam
997 2893 1167 2982 Iuppiter
1188 2893 1270 2959 irim

95 3016 97 3023 ·
135 2980 290 3048 demisit.
336 2978 397 3046 Iris
426 2992 533 3046 autem
552 2981 612 3050 uisi
640 2982 815 3069 eregione
836 2978 910 3047 solis
933 3000 997 3044 aon
1017 2976 1074 3060 flu
1099 2978 1154 3044 oui
1176 2978 1269 3046 verim
1296 3028 1301 3037 .

137 3064 261 3131 colores
290 3078 457 3147 creantur,
487 3063 562 3152 quin
593 3089 677 3157 nque
707 3065 833 3148 tenuis,
864 3071 941 3137 edre
974 3062 1079 3132 lucido
1113 3064 1269 3140 irradiata,

93 3151 240 3226 sevarios
260 3161 351 3218 creat
367 3148 500 3218 colores.

223 3359 225 3362 ’
281 3346 321 3424 7.
374 3348 498 3426 Juno
531 3349 666 3426 Jovis
705 3371 833 3422 soror
868 3341 1130 3448 etconjux.

94 3522 98 3531 ·
219 3478 289 3544 Cur
319 3487 428 3546 autem
454 3479 540 3545 Juao
569 3479 658 3545 Jovis
694 3494 787 3543 soror
823 3483 856 3540 et
883 3469 998 3559 conjux
1021 3462 1170 3549 dicatur,
1199 3469 1272 3537 innan

135 3562 219 3629 ratio
249 3574 307 3629 est
350 3562 436 3636 Quia
465 3565 621 3633 elementa
647 3561 732 3651 iguis
763 3569 798 3626 et
836 3562 893 3627 adr
919 3554 1073 3625 tenuitate
1106 3554 1170 3621 sibi
1207 3561 1272 3623 eunt

138 3648 245 3735 paria,
273 3646 423 3715 dicuntur
449 3674 522 3719 esse
548 3671 713 3740 germana.
757 3641 826 3712 sed
853 3642 927 3731 quia
948 3641 1046 3706 mixto
1067 3640 1272 3723 concordant,
1298 3658 1301 3669 ·

95 3743 172 3801 eset
197 3732 360 3800 maritatus
390 3741 447 3801 eiir
474 3739 552 3825 igne
579 3734 743 3810 fervescit,
773 3729 921 3819 conjugio
950 3724 1099 3793 dicuntur
1120 3748 1163 3792 co
1188 3726 1273 3793 unu

136 3819 182 3886 Et
203 3818 276 3907 quia
297 3818 400 3895 Juuo,
419 3820 453 3885 id
477 3834 526 3890 est
546 3828 620 3901 aiir,
642 3819 803 3908 subjectus
827 3830 877 3883 est
893 3813 981 3892 Jovi,
1001 3806 1035 3877 id
1048 3819 1099 3879 est
1111 3809 1196 3901 igni,
1209 3810 1274 3902 jure
1301 3870 1306 3911 Ι

31 3966 35 3971 .
137 3905 337 3993 superposito
373 3903 528 3976 elemento
566 3906 671 3973 mariti
707 3901 859 3972 traditum
892 3911 943 3967 est
973 3917 1099 3964 nomen.
1156 3898 1275 3994 Dicitur

114 4002 244 4076 *autem
273 3988 419 4077 iuppiter
444 3993 563 4059 catenis
586 4014 659 4059 eam
675 3989 812 4077 ligasse,
845 3983 931 4073 quod
960 3989 1034 4062 aer,
1061 3980 1133 4070 igni
1154 3982 1276 4065 caelesti

138 4075 344 4162 conjunctus,
374 4073 502 4144 duobus
529 4077 681 4145 deorsum
702 4071 863 4140 elementis
884 4069 1072 4170 misceatur,
1111 4091 1221 4156 aquae
1248 4076 1277 4151 ut

95 4175 262 4244 soterrne3
296 4182 380 4248 quae
402 4163 560 4231 elementa
581 4162 707 4229 duobus
727 4155 944 4247 superioribus
964 4175 1117 4242 grarlora
1138 4169 1229 4225 suut.
