<?xml version="1.0" encoding="UTF-8"?>
<!DOCTYPE html PUBLIC "-//W3C//DTD XHTML 1.0 Transitional//EN"
    "http://www.w3.org/TR/xhtml1/DTD/xhtml1-transitional.dtd">
<html xmlns="http://www.w3.org/1999/xhtml" xml:lang="en" lang="en">
 <head>
  <title>
</title>
<meta http-equiv="Content-Type" content="text/html;charset=utf-8" />
  <meta name='ocr-system' content='tesseract 3.04.00' />
  <meta name='ocr-capabilities' content='ocr_page ocr_carea ocr_par ocr_line ocrx_word'/>
</head>
<body>
  <div class='ocr_page' id='page_1' title='image "./scriptoresrereu01bodegoog_0091.png"; bbox 0 0 2632 4658; ppageno 0'>
   <div class='ocr_carea' id='block_1_1' title="bbox 42 134 967 249">
    <p class='ocr_par' dir='ltr' id='par_1_1' title="bbox 42 134 967 249">
     <span class='ocr_line' id='line_1_1' title="bbox 42 134 967 249; baseline -0.006 -29"><span class='ocrx_word' id='word_1_1' title='bbox 42 166 54 189; x_wconf 54' lang='grc' dir='ltr'>ν</span> <span class='ocrx_word' id='word_1_2' title='bbox 119 145 217 219; x_wconf 52' lang='lat' dir='ltr'><strong>oox</strong></span> <span class='ocrx_word' id='word_1_3' title='bbox 411 138 597 249; x_wconf 46' lang='lat' dir='ltr'><strong>upum,</strong></span> <span class='ocrx_word' id='word_1_4' title='bbox 624 136 660 213; x_wconf 88' lang='lat'><strong>1.</strong></span> <span class='ocrx_word' id='word_1_5' title='bbox 712 134 967 216; x_wconf 77' lang='lat' dir='ltr'><strong>err-nro.</strong></span> 
     </span>
    </p>
   </div>
   <div class='ocr_carea' id='block_1_2' title="bbox 79 316 1258 930">
    <p class='ocr_par' dir='ltr' id='par_1_2' title="bbox 79 316 1258 930">
     <span class='ocr_line' id='line_1_2' title="bbox 120 316 1253 414; baseline 0 -19"><span class='ocrx_word' id='word_1_6' title='bbox 120 331 273 407; x_wconf 79' lang='lat' dir='ltr'><strong>venisset,</strong></span> <span class='ocrx_word' id='word_1_7' title='bbox 290 323 454 395; x_wconf 86' lang='lat' dir='ltr'><strong>-saoerdos</strong></span> <span class='ocrx_word' id='word_1_8' title='bbox 476 324 575 414; x_wconf 78' lang='lat' dir='ltr'><strong>elegit</strong></span> <span class='ocrx_word' id='word_1_9' title='bbox 592 322 699 393; x_wconf 88' lang='lat' dir='ltr'><strong>looum</strong></span> <span class='ocrx_word' id='word_1_10' title='bbox 719 322 887 392; x_wconf 77' lang='lat' dir='ltr'><strong>faciendae</strong></span> <span class='ocrx_word' id='word_1_11' title='bbox 904 324 986 395; x_wconf 81' lang='lat' dir='ltr'><strong>urbi.</strong></span> <span class='ocrx_word' id='word_1_12' title='bbox 1027 327 1103 402; x_wconf 85' lang='lat' dir='ltr'><strong>Quo</strong></span> <span class='ocrx_word' id='word_1_13' title='bbox 1124 316 1253 411; x_wconf 70' lang='lat' dir='ltr'><strong>effosso,</strong></span> 
     </span>
     <span class='ocr_line' id='line_1_3' title="bbox 119 409 1255 503; baseline 0.003 -23"><span class='ocrx_word' id='word_1_14' title='bbox 119 418 278 481; x_wconf 87' lang='lat' dir='ltr'><strong>inventum</strong></span> <span class='ocrx_word' id='word_1_15' title='bbox 306 425 356 480; x_wconf 86' lang='lat' dir='ltr'><strong>est</strong></span> <span class='ocrx_word' id='word_1_16' title='bbox 385 421 482 501; x_wconf 84' lang='lat' dir='ltr'><strong>eaput</strong></span> <span class='ocrx_word' id='word_1_17' title='bbox 510 411 607 478; x_wconf 76' lang='lat' dir='ltr'><strong>boris.</strong></span> <span class='ocrx_word' id='word_1_18' title='bbox 659 409 758 485; x_wconf 81' lang='lat' dir='ltr'><strong>Quod</strong></span> <span class='ocrx_word' id='word_1_19' title='bbox 807 434 883 477; x_wconf 92' lang='lat' dir='ltr'><strong>uum</strong></span> <span class='ocrx_word' id='word_1_20' title='bbox 915 409 1144 499; x_wconf 72' lang='lat' dir='ltr'><strong>displicuisset,</strong></span> <span class='ocrx_word' id='word_1_21' title='bbox 1182 415 1255 503; x_wconf 83' lang='lat' dir='ltr'><strong>quia</strong></span> 
     </span>
     <span class='ocr_line' id='line_1_4' title="bbox 121 434 1256 587; baseline -0.001 -20"><span class='ocrx_word' id='word_1_22' title='bbox 121 504 179 567; x_wconf 89' lang='lat' dir='ltr'><strong>bos</strong></span> <span class='ocrx_word' id='word_1_23' title='bbox 201 520 328 587; x_wconf 80' lang='lat' dir='ltr'>semper</span> <span class='ocrx_word' id='word_1_24' title='bbox 348 498 554 587; x_wconf 64' lang='lat' dir='ltr'><strong>subjugatum</strong></span> <span class='ocrx_word' id='word_1_25' title='bbox 583 495 646 562; x_wconf 86' lang='lat' dir='ltr'><strong>olio</strong></span> <span class='ocrx_word' id='word_1_26' title='bbox 674 496 747 563; x_wconf 89' lang='lat' dir='ltr'><strong>loeo</strong></span> <span class='ocrx_word' id='word_1_27' title='bbox 768 434 905 574; x_wconf 73' lang='lat' dir='ltr'><strong>eirene,</strong></span> <span class='ocrx_word' id='word_1_28' title='bbox 937 508 1035 585; x_wconf 85' lang='lat' dir='ltr'><strong>eaput</strong></span> <span class='ocrx_word' id='word_1_29' title='bbox 1054 499 1129 587; x_wconf 84' lang='lat' dir='ltr'><strong>oqui</strong></span> <span class='ocrx_word' id='word_1_30' title='bbox 1147 499 1256 571; x_wconf 83' lang='lat' dir='ltr'><strong>iuven·</strong></span> 
     </span>
     <span class='ocr_line' id='line_1_5' title="bbox 79 581 1256 673; baseline 0.001 -23"><span class='ocrx_word' id='word_1_31' title='bbox 79 652 95 671; x_wconf 33' lang='grc' dir='ltr'><strong>,Ι</strong></span> <span class='ocrx_word' id='word_1_32' title='bbox 121 601 188 651; x_wconf 89' lang='lat' dir='ltr'><strong>tum</strong></span> <span class='ocrx_word' id='word_1_33' title='bbox 211 598 268 652; x_wconf 89' lang='lat' dir='ltr'><strong>est.</strong></span> <span class='ocrx_word' id='word_1_34' title='bbox 310 584 356 651; x_wconf 81' lang='lat' dir='ltr'><strong>Et</strong></span> <span class='ocrx_word' id='word_1_35' title='bbox 377 583 511 672; x_wconf 80' lang='lat' dir='ltr'><strong>placuit,</strong></span> <span class='ocrx_word' id='word_1_36' title='bbox 532 581 606 670; x_wconf 85' lang='lat' dir='ltr'><strong>quia</strong></span> <span class='ocrx_word' id='word_1_37' title='bbox 626 582 690 650; x_wconf 89' lang='lat' dir='ltr'><strong>hoo</strong></span> <span class='ocrx_word' id='word_1_38' title='bbox 710 581 840 661; x_wconf 88' lang='lat' dir='ltr'><strong>animal,</strong></span> <span class='ocrx_word' id='word_1_39' title='bbox 861 581 935 648; x_wconf 87' lang='lat' dir='ltr'><strong>licet</strong></span> <span class='ocrx_word' id='word_1_40' title='bbox 955 582 1165 673; x_wconf 80' lang='lat' dir='ltr'><strong>subjugetur,</strong></span> <span class='ocrx_word' id='word_1_41' title='bbox 1193 584 1256 651; x_wconf 87' lang='lat' dir='ltr'><strong>bel·</strong></span> 
     </span>
     <span class='ocr_line' id='line_1_6' title="bbox 90 667 1258 747; baseline 0.003 -12"><span class='ocrx_word' id='word_1_42' title='bbox 90 674 252 737; x_wconf 70' lang='lat' dir='ltr'><strong>&#39;oleosum</strong></span> <span class='ocrx_word' id='word_1_43' title='bbox 272 680 379 736; x_wconf 81' lang='lat' dir='ltr'><strong>tamen</strong></span> <span class='ocrx_word' id='word_1_44' title='bbox 400 680 465 746; x_wconf 90' lang='lat' dir='ltr'><strong>est,</strong></span> <span class='ocrx_word' id='word_1_45' title='bbox 496 677 529 734; x_wconf 90' lang='lat' dir='ltr'><strong>et</strong></span> <span class='ocrx_word' id='word_1_46' title='bbox 552 667 664 747; x_wconf 82' lang='lat' dir='ltr'><strong>vineit,</strong></span> <span class='ocrx_word' id='word_1_47' title='bbox 696 678 729 735; x_wconf 89' lang='lat' dir='ltr'><strong>et</strong></span> <span class='ocrx_word' id='word_1_48' title='bbox 778 667 876 732; x_wconf 88' lang='lat' dir='ltr'><strong>lerum</strong></span> <span class='ocrx_word' id='word_1_49' title='bbox 902 689 942 733; x_wconf 87' lang='lat' dir='ltr'><strong>ue</strong></span> <span class='ocrx_word' id='word_1_50' title='bbox 964 670 1149 738; x_wconf 77' lang='lat' dir='ltr'><strong>coneordat.</strong></span> <span class='ocrx_word' id='word_1_51' title='bbox 1192 671 1258 738; x_wconf 88' lang='lat' dir='ltr'><strong>Illio</strong></span> 
     </span>
     <span class='ocr_line' id='line_1_7' title="bbox 122 690 1258 845; baseline 0.007 -26"><span class='ocrx_word' id='word_1_52' title='bbox 122 781 202 842; x_wconf 82' lang='lat' dir='ltr'><strong>ergo</strong></span> <span class='ocrx_word' id='word_1_53' title='bbox 234 754 351 821; x_wconf 88' lang='lat' dir='ltr'><strong>Junoni</strong></span> <span class='ocrx_word' id='word_1_54' title='bbox 366 752 495 840; x_wconf 70' lang='lat' dir='ltr'><strong>‘templa</strong></span> <span class='ocrx_word' id='word_1_55' title='bbox 522 752 676 820; x_wconf 70' lang='lat' dir='ltr'><strong>tenemus</strong></span> <span class='ocrx_word' id='word_1_56' title='bbox 759 751 823 817; x_wconf 91' lang='lat' dir='ltr'><strong>nde</strong></span> <span class='ocrx_word' id='word_1_57' title='bbox 843 690 995 819; x_wconf 77' lang='lat' dir='ltr'><strong>bebtmsa</strong></span> <span class='ocrx_word' id='word_1_58' title='bbox 1019 767 1070 825; x_wconf 82' lang='lat' dir='ltr'><strong>est</strong></span> <span class='ocrx_word' id='word_1_59' title='bbox 1088 756 1258 845; x_wconf 72' lang='lat' dir='ltr'><strong>Carthago</strong></span> 
     </span>
     <span class='ocr_line' id='line_1_8' title="bbox 121 836 1234 930; baseline 0 -25"><span class='ocrx_word' id='word_1_60' title='bbox 121 865 179 930; x_wconf 87' lang='lat' dir='ltr'><strong>per</strong></span> <span class='ocrx_word' id='word_1_61' title='bbox 200 841 272 928; x_wconf 87' lang='lat' dir='ltr'><strong>equi</strong></span> <span class='ocrx_word' id='word_1_62' title='bbox 293 861 405 921; x_wconf 91' lang='lat' dir='ltr'><strong>omen,</strong></span> <span class='ocrx_word' id='word_1_63' title='bbox 428 850 471 921; x_wconf 84' lang='lat' dir='ltr'><strong>et</strong></span> <span class='ocrx_word' id='word_1_64' title='bbox 496 836 605 906; x_wconf 84' lang='lat' dir='ltr'><strong>fertilis</strong></span> <span class='ocrx_word' id='word_1_65' title='bbox 618 859 684 929; x_wconf 84' lang='lat' dir='ltr'><strong>per</strong></span> <span class='ocrx_word' id='word_1_66' title='bbox 705 838 814 905; x_wconf 85' lang='lat' dir='ltr'><strong>bores.</strong></span> <span class='ocrx_word' id='word_1_67' title='bbox 838 874 843 891; x_wconf 82' lang='lat'><strong>··</strong></span> <span class='ocrx_word' id='word_1_68' title='bbox 1230 861 1234 867; x_wconf 86' lang='lat'>·</span> 
     </span>
    </p>
   </div>
   <div class='ocr_carea' id='block_1_3' title="bbox 357 1010 1013 1127">
    <p class='ocr_par' dir='ltr' id='par_1_3' title="bbox 357 1010 1013 1127">
     <span class='ocr_line' id='line_1_9' title="bbox 357 1010 1013 1127; baseline -0.008 -1"><span class='ocrx_word' id='word_1_69' title='bbox 357 1048 451 1127; x_wconf 78' lang='lat'><strong>217.</strong></span> <span class='ocrx_word' id='word_1_70' title='bbox 506 1010 734 1123; x_wconf 80' lang='lat' dir='ltr'><strong>Anebises</strong></span> <span class='ocrx_word' id='word_1_71' title='bbox 769 1058 814 1122; x_wconf 84' lang='lat' dir='ltr'><strong>et</strong></span> <span class='ocrx_word' id='word_1_72' title='bbox 846 1047 1013 1124; x_wconf 79' lang='lat' dir='ltr'><strong>Venus.</strong></span> 
     </span>
    </p>
   </div>
   <div class='ocr_carea' id='block_1_4' title="bbox 51 1174 1263 1611">
    <p class='ocr_par' dir='ltr' id='par_1_4' title="bbox 51 1174 1263 1611">
     <span class='ocr_line' id='line_1_10' title="bbox 208 1174 1261 1271; baseline -0.004 -24"><span class='ocrx_word' id='word_1_73' title='bbox 208 1178 403 1271; x_wconf 69' lang='lat' dir='ltr'><strong>Sciendum,</strong></span> <span class='ocrx_word' id='word_1_74' title='bbox 433 1174 596 1246; x_wconf 71' lang='lat' dir='ltr'><strong>Anchisen</strong></span> <span class='ocrx_word' id='word_1_75' title='bbox 612 1188 775 1267; x_wconf 75' lang='lat' dir='ltr'><strong>pastorem</strong></span> <span class='ocrx_word' id='word_1_76' title='bbox 802 1176 917 1256; x_wconf 83' lang='lat' dir='ltr'><strong>luisse,</strong></span> <span class='ocrx_word' id='word_1_77' title='bbox 945 1188 978 1245; x_wconf 86' lang='lat' dir='ltr'><strong>et</strong></span> <span class='ocrx_word' id='word_1_78' title='bbox 996 1198 1069 1243; x_wconf 91' lang='lat' dir='ltr'><strong>oum</strong></span> <span class='ocrx_word' id='word_1_79' title='bbox 1090 1197 1132 1243; x_wconf 88' lang='lat' dir='ltr'><strong>eo</strong></span> <span class='ocrx_word' id='word_1_80' title='bbox 1152 1184 1261 1243; x_wconf 82' lang='lat' dir='ltr'><strong>emoto</strong></span> 
     </span>
     <span class='ocr_line' id='line_1_11' title="bbox 82 1260 1261 1349; baseline 0.003 -23"><span class='ocrx_word' id='word_1_81' title='bbox 82 1267 281 1333; x_wconf 85' lang='lat' dir='ltr'><strong>10Venerem</strong></span> <span class='ocrx_word' id='word_1_82' title='bbox 313 1265 532 1349; x_wconf 75' lang='lat' dir='ltr'><strong>qonoubuisse.</strong></span> <span class='ocrx_word' id='word_1_83' title='bbox 576 1263 671 1331; x_wconf 86' lang='lat' dir='ltr'><strong>Unde</strong></span> <span class='ocrx_word' id='word_1_84' title='bbox 701 1266 825 1330; x_wconf 88' lang='lat' dir='ltr'><strong>Aeneas</strong></span> <span class='ocrx_word' id='word_1_85' title='bbox 858 1262 946 1328; x_wconf 83' lang='lat' dir='ltr'><strong>eirea</strong></span> <span class='ocrx_word' id='word_1_86' title='bbox 978 1260 1098 1328; x_wconf 80' lang='lat' dir='ltr'>Simoin</span> <span class='ocrx_word' id='word_1_87' title='bbox 1130 1262 1261 1329; x_wconf 86' lang='lat' dir='ltr'><strong>flurium</strong></span> 
     </span>
     <span class='ocr_line' id='line_1_12' title="bbox 58 1347 1261 1454; baseline -0.002 -37"><span class='ocrx_word' id='word_1_88' title='bbox 58 1374 60 1379; x_wconf 90' lang='lat'>·</span> <span class='ocrx_word' id='word_1_89' title='bbox 123 1353 243 1454; x_wconf 78' lang='lat' dir='ltr'><strong>&#39;l&#39;rojee</strong></span> <span class='ocrx_word' id='word_1_90' title='bbox 262 1365 355 1419; x_wconf 88' lang='lat' dir='ltr'><strong>natus</strong></span> <span class='ocrx_word' id='word_1_91' title='bbox 377 1363 435 1417; x_wconf 88' lang='lat' dir='ltr'><strong>est.</strong></span> <span class='ocrx_word' id='word_1_92' title='bbox 478 1350 571 1417; x_wconf 86' lang='lat' dir='ltr'><strong>Deae</strong></span> <span class='ocrx_word' id='word_1_93' title='bbox 597 1351 682 1422; x_wconf 79' lang='lat' dir='ltr'><strong>euim</strong></span> <span class='ocrx_word' id='word_1_94' title='bbox 708 1347 756 1413; x_wconf 86' lang='lat' dir='ltr'><strong>vel</strong></span> <span class='ocrx_word' id='word_1_95' title='bbox 787 1348 957 1438; x_wconf 81' lang='lat' dir='ltr'><strong>Nymphae</strong></span> <span class='ocrx_word' id='word_1_96' title='bbox 987 1347 1148 1415; x_wconf 87' lang='lat' dir='ltr'><strong>enituntur</strong></span> <span class='ocrx_word' id='word_1_97' title='bbox 1173 1348 1261 1414; x_wconf 83' lang='lat' dir='ltr'><strong>eires</strong></span> 
     </span>
     <span class='ocr_line' id='line_1_13' title="bbox 51 1432 1263 1523; baseline -0.005 -16"><span class='ocrx_word' id='word_1_98' title='bbox 51 1494 55 1507; x_wconf 82' lang='grc'><strong>,</strong></span> <span class='ocrx_word' id='word_1_99' title='bbox 89 1460 91 1471; x_wconf 81' lang='grc'>’</span> <span class='ocrx_word' id='word_1_100' title='bbox 123 1441 235 1503; x_wconf 87' lang='lat' dir='ltr'><strong>llnvros</strong></span> <span class='ocrx_word' id='word_1_101' title='bbox 265 1438 312 1502; x_wconf 90' lang='lat' dir='ltr'><strong>vel</strong></span> <span class='ocrx_word' id='word_1_102' title='bbox 342 1458 481 1502; x_wconf 83' lang='lat' dir='ltr'><strong>nemore.</strong></span> <span class='ocrx_word' id='word_1_103' title='bbox 524 1433 623 1511; x_wconf 85' lang='lat' dir='ltr'><strong>Quod</strong></span> <span class='ocrx_word' id='word_1_104' title='bbox 652 1457 749 1523; x_wconf 88' lang='lat' dir='ltr'><strong>quum</strong></span> <span class='ocrx_word' id='word_1_105' title='bbox 775 1432 910 1520; x_wconf 78' lang='lat' dir='ltr'><strong>jactaret</strong></span> <span class='ocrx_word' id='word_1_106' title='bbox 930 1433 1101 1512; x_wconf 77' lang='lat' dir='ltr'><strong>Anchises,</strong></span> <span class='ocrx_word' id='word_1_107' title='bbox 1132 1433 1263 1507; x_wconf 72' lang='lat' dir='ltr'><strong>afflatus,</strong></span> 
     </span>
     <span class='ocr_line' id='line_1_14' title="bbox 119 1518 1130 1611; baseline -0.008 -17"><span class='ocrx_word' id='word_1_108' title='bbox 119 1535 173 1594; x_wconf 84' lang='lat' dir='ltr'><strong>est</strong></span> <span class='ocrx_word' id='word_1_109' title='bbox 196 1522 342 1604; x_wconf 79' lang='lat' dir='ltr'><strong>fulmine,</strong></span> <span class='ocrx_word' id='word_1_110' title='bbox 370 1521 528 1611; x_wconf 82' lang='lat' dir='ltr'><strong>oculoque</strong></span> <span class='ocrx_word' id='word_1_111' title='bbox 548 1520 707 1610; x_wconf 60' lang='lat' dir='ltr'><strong>privatum</strong></span> <span class='ocrx_word' id='word_1_112' title='bbox 735 1519 923 1586; x_wconf 74' lang='lat' dir='ltr'><strong>monoculus</strong></span> <span class='ocrx_word' id='word_1_113' title='bbox 944 1518 1030 1586; x_wconf 90' lang='lat' dir='ltr'><strong>enim</strong></span> <span class='ocrx_word' id='word_1_114' title='bbox 1048 1527 1130 1599; x_wconf 76' lang='lat' dir='ltr'><strong>erat.</strong></span> 
     </span>
    </p>
   </div>
   <div class='ocr_carea' id='block_1_5' title="bbox 324 1692 1152 1844">
    <p class='ocr_par' dir='ltr' id='par_1_5' title="bbox 324 1692 1152 1844">
     <span class='ocr_line' id='line_1_15' title="bbox 324 1692 1152 1844; baseline 0 -32"><span class='ocrx_word' id='word_1_115' title='bbox 324 1692 449 1814; x_wconf 24' lang='lat'><strong>¹218¹.</strong></span> <span class='ocrx_word' id='word_1_116' title='bbox 502 1736 759 1841; x_wconf 67' lang='lat' dir='ltr'><strong>Dionysius</strong></span> <span class='ocrx_word' id='word_1_117' title='bbox 795 1754 1035 1844; x_wconf 74' lang='lat' dir='ltr'><strong>tyrannus.</strong></span> <span class='ocrx_word' id='word_1_118' title='bbox 1149 1760 1152 1767; x_wconf 84' lang='lat'>·</span> 
     </span>
    </p>
   </div>
   <div class='ocr_carea' id='block_1_6' title="bbox 80 1856 1266 2357">
    <p class='ocr_par' dir='ltr' id='par_1_6' title="bbox 80 1856 1266 2357">
     <span class='ocr_line' id='line_1_16' title="bbox 84 1856 1266 1958; baseline -0.018 -10"><span class='ocrx_word' id='word_1_119' title='bbox 84 1893 119 1941; x_wconf 71' lang='lat'><strong>1⁵</strong></span> <span class='ocrx_word' id='word_1_120' title='bbox 211 1867 405 1958; x_wconf 80' lang='lat' dir='ltr'><strong>Dionysius,</strong></span> <span class='ocrx_word' id='word_1_121' title='bbox 435 1863 565 1954; x_wconf 80' lang='lat' dir='ltr'><strong>quidem</strong></span> <span class='ocrx_word' id='word_1_122' title='bbox 588 1876 761 1957; x_wconf 70' lang='lat' dir='ltr'><strong>tyrannus,</strong></span> <span class='ocrx_word' id='word_1_123' title='bbox 791 1870 931 1939; x_wconf 83' lang='lat' dir='ltr'><strong>Sieilrsm</strong></span> <span class='ocrx_word' id='word_1_124' title='bbox 960 1876 1060 1937; x_wconf 86' lang='lat' dir='ltr'><strong>totam</strong></span> <span class='ocrx_word' id='word_1_125' title='bbox 1079 1856 1196 1931; x_wconf 81' lang='lat' dir='ltr'><strong>fronde</strong></span> <span class='ocrx_word' id='word_1_126' title='bbox 1213 1856 1266 1929; x_wconf 76' lang='lat' dir='ltr'><strong>vel</strong></span> 
     </span>
     <span class='ocr_line' id='line_1_17' title="bbox 80 1949 1265 2041; baseline -0.004 -21"><span class='ocrx_word' id='word_1_127' title='bbox 80 1967 85 1975; x_wconf 88' lang='lat'><strong><em>‘</em></strong></span> <span class='ocrx_word' id='word_1_128' title='bbox 126 1954 200 2020; x_wconf 93' lang='lat' dir='ltr'><strong>dolo</strong></span> <span class='ocrx_word' id='word_1_129' title='bbox 221 1956 333 2021; x_wconf 84' lang='lat' dir='ltr'><strong>invasit</strong></span> <span class='ocrx_word' id='word_1_130' title='bbox 354 1963 387 2019; x_wconf 89' lang='lat' dir='ltr'><strong>et</strong></span> <span class='ocrx_word' id='word_1_131' title='bbox 408 1953 550 2041; x_wconf 82' lang='lat' dir='ltr'><strong>spoliavit</strong></span> <span class='ocrx_word' id='word_1_132' title='bbox 570 1952 713 2039; x_wconf 66' lang='lat' dir='ltr'><strong>penltusg</strong></span> <span class='ocrx_word' id='word_1_133' title='bbox 746 1953 831 2024; x_wconf 88' lang='lat' dir='ltr'><strong>adeo</strong></span> <span class='ocrx_word' id='word_1_134' title='bbox 861 1968 898 2025; x_wconf 91' lang='lat' dir='ltr'><strong>ut</strong></span> <span class='ocrx_word' id='word_1_135' title='bbox 918 1954 1013 2022; x_wconf 88' lang='lat' dir='ltr'><strong>etiam</strong></span> <span class='ocrx_word' id='word_1_136' title='bbox 1039 1949 1211 2017; x_wconf 75' lang='lat' dir='ltr'><strong>simulacra</strong></span> <span class='ocrx_word' id='word_1_137' title='bbox 1230 1958 1265 2015; x_wconf 90' lang='lat' dir='ltr'><strong>et</strong></span> 
     </span>
     <span class='ocr_line' id='line_1_18' title="bbox 125 2034 1265 2128; baseline -0.006 -21"><span class='ocrx_word' id='word_1_138' title='bbox 125 2041 242 2128; x_wconf 88' lang='lat' dir='ltr'><strong>templs</strong></span> <span class='ocrx_word' id='word_1_139' title='bbox 267 2039 400 2119; x_wconf 88' lang='lat' dir='ltr'><strong>deorum</strong></span> <span class='ocrx_word' id='word_1_140' title='bbox 421 2039 611 2105; x_wconf 81' lang='lat' dir='ltr'><strong>devastaret.</strong></span> <span class='ocrx_word' id='word_1_141' title='bbox 653 2041 793 2109; x_wconf 81' lang='lat' dir='ltr'>Barbam</span> <span class='ocrx_word' id='word_1_142' title='bbox 823 2042 918 2110; x_wconf 88' lang='lat' dir='ltr'><strong>etiam</strong></span> <span class='ocrx_word' id='word_1_143' title='bbox 938 2035 1072 2104; x_wconf 87' lang='lat' dir='ltr'><strong>&#39;barbati</strong></span> <span class='ocrx_word' id='word_1_144' title='bbox 1096 2035 1186 2103; x_wconf 84' lang='lat' dir='ltr'><strong>Joris</strong></span> <span class='ocrx_word' id='word_1_145' title='bbox 1207 2034 1265 2102; x_wconf 86' lang='lat' dir='ltr'><strong>ab·</strong></span> 
     </span>
     <span class='ocr_line' id='line_1_19' title="bbox 126 2116 1265 2216; baseline -0.003 -24"><span class='ocrx_word' id='word_1_146' title='bbox 126 2128 230 2203; x_wconf 83' lang='lat' dir='ltr'><strong>stulit,</strong></span> <span class='ocrx_word' id='word_1_147' title='bbox 268 2137 301 2193; x_wconf 89' lang='lat' dir='ltr'><strong>et</strong></span> <span class='ocrx_word' id='word_1_148' title='bbox 331 2123 532 2191; x_wconf 76' lang='lat' dir='ltr'><strong>simulacrum</strong></span> <span class='ocrx_word' id='word_1_149' title='bbox 562 2124 648 2213; x_wconf 57' lang='lat' dir='ltr'><strong>dus,</strong></span> <span class='ocrx_word' id='word_1_150' title='bbox 679 2126 819 2195; x_wconf 78' lang='lat' dir='ltr'><strong>restibus</strong></span> <span class='ocrx_word' id='word_1_151' title='bbox 847 2120 1081 2216; x_wconf 84' lang='lat' dir='ltr'><strong>pretiosissimis</strong></span> <span class='ocrx_word' id='word_1_152' title='bbox 1108 2116 1265 2199; x_wconf 83' lang='lat' dir='ltr'><strong>indutum,</strong></span> 
     </span>
     <span class='ocr_line' id='line_1_20' title="bbox 127 2207 1266 2357; baseline -0.006 -80"><span class='ocrx_word' id='word_1_153' title='bbox 127 2210 287 2308; x_wconf 79' lang='lat' dir='ltr'><strong>spoliavit,</strong></span> <span class='ocrx_word' id='word_1_154' title='bbox 312 2212 441 2357; x_wconf 70' lang='lat' dir='ltr'><strong>suispue</strong></span> <span class='ocrx_word' id='word_1_155' title='bbox 462 2207 581 2287; x_wconf 85' lang='lat' dir='ltr'><strong>induit,</strong></span> <span class='ocrx_word' id='word_1_156' title='bbox 603 2208 731 2290; x_wconf 89' lang='lat' dir='ltr'><strong>dioens,</strong></span> <span class='ocrx_word' id='word_1_157' title='bbox 752 2236 822 2276; x_wconf 79' lang='lat' dir='ltr'><strong>noo</strong></span> <span class='ocrx_word' id='word_1_158' title='bbox 843 2210 963 2278; x_wconf 82' lang='lat' dir='ltr'><strong>debere</strong></span> <span class='ocrx_word' id='word_1_159' title='bbox 983 2227 1110 2272; x_wconf 81' lang='lat' dir='ltr'><strong>numen</strong></span> <span class='ocrx_word' id='word_1_160' title='bbox 1129 2207 1168 2271; x_wconf 83' lang='lat' dir='ltr'><strong>in</strong></span> <span class='ocrx_word' id='word_1_161' title='bbox 1192 2216 1266 2271; x_wconf 79' lang='lat' dir='ltr'><strong>tam</strong></span> 
     </span>
    </p>
   </div>
   <div class='ocr_carea' id='block_1_7' title="bbox 84 2287 1270 3065">
    <p class='ocr_par' dir='ltr' id='par_1_7' title="bbox 84 2287 1268 2653">
     <span class='ocr_line' id='line_1_21' title="bbox 84 2287 1267 2383; baseline -0.004 -22"><span class='ocrx_word' id='word_1_162' title='bbox 84 2295 258 2383; x_wconf 59' lang='lat' dir='ltr'><strong>marigolis</strong></span> <span class='ocrx_word' id='word_1_163' title='bbox 291 2295 442 2358; x_wconf 74' lang='lat' dir='ltr'><strong>vastius</strong></span> <span class='ocrx_word' id='word_1_164' title='bbox 470 2287 623 2379; x_wconf 73' lang='lat' dir='ltr'><strong>frigere.</strong></span> <span class='ocrx_word' id='word_1_165' title='bbox 651 2298 654 2303; x_wconf 86' lang='lat'>&#39;</span> <span class='ocrx_word' id='word_1_166' title='bbox 680 2294 830 2371; x_wconf 71' lang='lat' dir='ltr'><strong>Quadam</strong></span> <span class='ocrx_word' id='word_1_167' title='bbox 870 2309 975 2363; x_wconf 88' lang='lat' dir='ltr'><strong>autem</strong></span> <span class='ocrx_word' id='word_1_168' title='bbox 1009 2289 1062 2357; x_wconf 91' lang='lat' dir='ltr'><strong>die</strong></span> <span class='ocrx_word' id='word_1_169' title='bbox 1092 2291 1267 2357; x_wconf 83' lang='lat' dir='ltr'><strong>amicorum</strong></span> 
     </span>
     <span class='ocr_line' id='line_1_22' title="bbox 127 2375 1268 2482; baseline -0.005 -33"><span class='ocrx_word' id='word_1_170' title='bbox 127 2382 257 2449; x_wconf 89' lang='lat' dir='ltr'><strong>suorum</strong></span> <span class='ocrx_word' id='word_1_171' title='bbox 279 2377 408 2482; x_wconf 71' lang='lat' dir='ltr'><strong>quidam</strong></span> <span class='ocrx_word' id='word_1_172' title='bbox 430 2378 648 2464; x_wconf 66' lang='lat' dir='ltr'><strong>interrogavit,</strong></span> <span class='ocrx_word' id='word_1_173' title='bbox 665 2404 716 2467; x_wconf 70' lang='lat' dir='ltr'><strong>ars</strong></span> <span class='ocrx_word' id='word_1_174' title='bbox 737 2392 826 2449; x_wconf 85' lang='lat' dir='ltr'><strong>esset</strong></span> <span class='ocrx_word' id='word_1_175' title='bbox 846 2380 963 2469; x_wconf 69' lang='lat' dir='ltr'><strong>felix?</strong></span> <span class='ocrx_word' id='word_1_176' title='bbox 984 2377 1049 2453; x_wconf 81' lang='lat' dir='ltr'><strong>Qui</strong></span> <span class='ocrx_word' id='word_1_177' title='bbox 1065 2375 1127 2443; x_wconf 83' lang='lat' dir='ltr'><strong>alt:</strong></span> <span class='ocrx_word' id='word_1_178' title='bbox 1150 2375 1268 2459; x_wconf 71' lang='lat' dir='ltr'><strong>Quid·</strong></span> 
     </span>
     <span class='ocr_line' id='line_1_23' title="bbox 128 2460 1267 2553; baseline -0.002 -24"><span class='ocrx_word' id='word_1_179' title='bbox 128 2467 192 2530; x_wconf 82' lang='lat' dir='ltr'><strong>ni?</strong></span> <span class='ocrx_word' id='word_1_180' title='bbox 224 2464 389 2553; x_wconf 72' lang='lat' dir='ltr'><strong>jussitque</strong></span> <span class='ocrx_word' id='word_1_181' title='bbox 411 2462 497 2531; x_wconf 88' lang='lat' dir='ltr'><strong>lllnm</strong></span> <span class='ocrx_word' id='word_1_182' title='bbox 516 2461 659 2529; x_wconf 89' lang='lat' dir='ltr'><strong>residere</strong></span> <span class='ocrx_word' id='word_1_183' title='bbox 687 2465 719 2532; x_wconf 92' lang='lat' dir='ltr'><strong>in</strong></span> <span class='ocrx_word' id='word_1_184' title='bbox 746 2465 825 2535; x_wconf 90' lang='lat' dir='ltr'><strong>solio</strong></span> <span class='ocrx_word' id='word_1_185' title='bbox 848 2490 926 2546; x_wconf 88' lang='lat' dir='ltr'><strong>suo,</strong></span> <span class='ocrx_word' id='word_1_186' title='bbox 956 2462 1103 2530; x_wconf 86' lang='lat' dir='ltr'><strong>indutum</strong></span> <span class='ocrx_word' id='word_1_187' title='bbox 1127 2460 1267 2529; x_wconf 83' lang='lat' dir='ltr'><strong>vestibus</strong></span> 
     </span>
     <span class='ocr_line' id='line_1_24' title="bbox 127 2546 1268 2653; baseline -0.003 -37"><span class='ocrx_word' id='word_1_188' title='bbox 127 2550 226 2639; x_wconf 79' lang='lat' dir='ltr'><strong>regiis</strong></span> <span class='ocrx_word' id='word_1_189' title='bbox 248 2564 473 2653; x_wconf 78' lang='lat' dir='ltr'><strong>sceptrumque</strong></span> <span class='ocrx_word' id='word_1_190' title='bbox 493 2550 680 2632; x_wconf 56' lang='lat' dir='ltr'><strong>tenentem,¹</strong></span> <span class='ocrx_word' id='word_1_191' title='bbox 695 2558 735 2618; x_wconf 87' lang='lat' dir='ltr'><strong>no&#39;</strong></span> <span class='ocrx_word' id='word_1_192' title='bbox 750 2549 868 2619; x_wconf 85' lang='lat' dir='ltr'><strong>deiude</strong></span> <span class='ocrx_word' id='word_1_193' title='bbox 882 2549 1023 2639; x_wconf 80' lang='lat' dir='ltr'><strong>gladium</strong></span> <span class='ocrx_word' id='word_1_194' title='bbox 1040 2546 1268 2627; x_wconf 80' lang='lat' dir='ltr'><strong>acutissimum,</strong></span> 
     </span>
    </p>

    <p class='ocr_par' dir='ltr' id='par_1_8' title="bbox 95 2630 1268 2725">
     <span class='ocr_line' id='line_1_25' title="bbox 95 2630 1268 2725; baseline -0.008 -20"><span class='ocrx_word' id='word_1_195' title='bbox 95 2700 100 2713; x_wconf 81' lang='grc'><em>,</em></span> <span class='ocrx_word' id='word_1_196' title='bbox 128 2636 310 2705; x_wconf 79' lang='lat' dir='ltr'><strong>tenuissimo</strong></span> <span class='ocrx_word' id='word_1_197' title='bbox 332 2636 385 2702; x_wconf 91' lang='lat' dir='ltr'><strong>lilo</strong></span> <span class='ocrx_word' id='word_1_198' title='bbox 407 2634 559 2723; x_wconf 73' lang='lat' dir='ltr'><strong>ligatum,</strong></span> <span class='ocrx_word' id='word_1_199' title='bbox 588 2640 686 2723; x_wconf 80' lang='lat' dir='ltr'><strong>supe&#39;r</strong></span> <span class='ocrx_word' id='word_1_200' title='bbox 705 2638 859 2705; x_wconf 73' lang='lat' dir='ltr'><strong>verticem</strong></span> <span class='ocrx_word' id='word_1_201' title='bbox 881 2636 949 2725; x_wconf 75' lang='lat' dir='ltr'><strong>eJus</strong></span> <span class='ocrx_word' id='word_1_202' title='bbox 970 2630 1139 2723; x_wconf 80' lang='lat' dir='ltr'><strong>suspendi,</strong></span> <span class='ocrx_word' id='word_1_203' title='bbox 1167 2643 1202 2699; x_wconf 85' lang='lat' dir='ltr'><strong>et</strong></span> <span class='ocrx_word' id='word_1_204' title='bbox 1220 2631 1268 2697; x_wconf 86' lang='lat' dir='ltr'><strong>in·</strong></span> 
     </span>
    </p>

    <p class='ocr_par' dir='ltr' id='par_1_9' title="bbox 87 2712 1270 3065">
     <span class='ocr_line' id='line_1_26' title="bbox 87 2712 1268 2811; baseline -0.005 -21"><span class='ocrx_word' id='word_1_205' title='bbox 87 2743 123 2792; x_wconf 78' lang='lat'><strong>25</strong></span> <span class='ocrx_word' id='word_1_206' title='bbox 130 2722 306 2807; x_wconf 78' lang='lat' dir='ltr'><strong>terrogavit</strong></span> <span class='ocrx_word' id='word_1_207' title='bbox 327 2744 417 2811; x_wconf 78' lang='lat' dir='ltr'><strong>eum,</strong></span> <span class='ocrx_word' id='word_1_208' title='bbox 439 2728 559 2801; x_wconf 68' lang='lat' dir='ltr'><strong>utrum</strong></span> <span class='ocrx_word' id='word_1_209' title='bbox 577 2718 646 2784; x_wconf 86' lang='lat' dir='ltr'><strong>sibi</strong></span> <span class='ocrx_word' id='word_1_210' title='bbox 660 2714 839 2786; x_wconf 77' lang='lat' dir='ltr'><strong>videretur</strong></span> <span class='ocrx_word' id='word_1_211' title='bbox 853 2712 925 2808; x_wconf 77' lang='lat' dir='ltr'><strong>esse</strong></span> <span class='ocrx_word' id='word_1_212' title='bbox 940 2718 1089 2784; x_wconf 64' lang='lat' dir='ltr'><strong>beatos?</strong></span> <span class='ocrx_word' id='word_1_213' title='bbox 1128 2716 1194 2792; x_wconf 81' lang='lat' dir='ltr'><strong>Qui</strong></span> <span class='ocrx_word' id='word_1_214' title='bbox 1214 2719 1268 2784; x_wconf 83' lang='lat' dir='ltr'><strong>re-</strong></span> 
     </span>
     <span class='ocr_line' id='line_1_27' title="bbox 130 2800 1270 2894; baseline -0.007 -21"><span class='ocrx_word' id='word_1_215' title='bbox 130 2802 282 2894; x_wconf 78' lang='lat' dir='ltr'><strong>spondit,</strong></span> <span class='ocrx_word' id='word_1_216' title='bbox 296 2805 392 2869; x_wconf 81' lang='lat' dir='ltr'><strong>nullo</strong></span> <span class='ocrx_word' id='word_1_217' title='bbox 410 2803 509 2867; x_wconf 84' lang='lat' dir='ltr'><strong>modo</strong></span> <span class='ocrx_word' id='word_1_218' title='bbox 525 2825 560 2866; x_wconf 84' lang='lat' dir='ltr'><strong>se</strong></span> <span class='ocrx_word' id='word_1_219' title='bbox 578 2826 650 2867; x_wconf 81' lang='lat' dir='ltr'><strong>esse</strong></span> <span class='ocrx_word' id='word_1_220' title='bbox 665 2800 816 2885; x_wconf 78' lang='lat' dir='ltr'><strong>beatum,</strong></span> <span class='ocrx_word' id='word_1_221' title='bbox 836 2805 898 2893; x_wconf 84' lang='lat' dir='ltr'><strong>qni</strong></span> <span class='ocrx_word' id='word_1_222' title='bbox 910 2803 1171 2882; x_wconf 72' lang='lat' dir='ltr'><strong>aestimaret,oe</strong></span> <span class='ocrx_word' id='word_1_223' title='bbox 1183 2824 1270 2867; x_wconf 78' lang='lat' dir='ltr'><strong>casu</strong></span> 
     </span>
     <span class='ocr_line' id='line_1_28' title="bbox 128 2884 1269 2980; baseline 0.002 -27"><span class='ocrx_word' id='word_1_224' title='bbox 128 2891 249 2979; x_wconf 79' lang='lat' dir='ltr'><strong>gladii</strong></span> <span class='ocrx_word' id='word_1_225' title='bbox 275 2888 584 2958; x_wconf 79' lang='lat' dir='ltr'><strong>citomoritnrum·</strong></span> <span class='ocrx_word' id='word_1_226' title='bbox 615 2887 679 2953; x_wconf 82' lang='lat' dir='ltr'><strong>coi</strong></span> <span class='ocrx_word' id='word_1_227' title='bbox 701 2886 891 2980; x_wconf 76' lang='lat' dir='ltr'><strong>Dionysius:</strong></span> <span class='ocrx_word' id='word_1_228' title='bbox 916 2884 1065 2973; x_wconf 79' lang='lat' dir='ltr'><strong>Qualem</strong></span> <span class='ocrx_word' id='word_1_229' title='bbox 1085 2896 1137 2969; x_wconf 83' lang='lat' dir='ltr'><strong>tu,</strong></span> <span class='ocrx_word' id='word_1_230' title='bbox 1156 2886 1269 2977; x_wconf 82' lang='lat' dir='ltr'><strong>iuquit,</strong></span> 
     </span>
     <span class='ocr_line' id='line_1_29' title="bbox 132 2968 1084 3065; baseline -0.005 -26"><span class='ocrx_word' id='word_1_231' title='bbox 132 2999 224 3040; x_wconf 75' lang='lat' dir='ltr'><strong>renuo</strong></span> <span class='ocrx_word' id='word_1_232' title='bbox 246 2973 349 3038; x_wconf 76' lang='lat' dir='ltr'><strong>liabeo</strong></span> <span class='ocrx_word' id='word_1_233' title='bbox 370 2972 546 3055; x_wconf 77' lang='lat' dir='ltr'><strong>timorem,</strong></span> <span class='ocrx_word' id='word_1_234' title='bbox 577 2968 686 3039; x_wconf 80' lang='lat' dir='ltr'><strong>talem</strong></span> <span class='ocrx_word' id='word_1_235' title='bbox 704 2997 771 3065; x_wconf 80' lang='lat' dir='ltr'><strong>ego</strong></span> <span class='ocrx_word' id='word_1_236' title='bbox 790 2974 932 3041; x_wconf 77' lang='lat' dir='ltr'><strong>assidue</strong></span> <span class='ocrx_word' id='word_1_237' title='bbox 952 2970 1084 3061; x_wconf 79' lang='lat' dir='ltr'><strong>patior.</strong></span> 
     </span>
    </p>
   </div>
   <div class='ocr_carea' id='block_1_8' title="bbox 249 3188 1153 3293">
    <p class='ocr_par' dir='ltr' id='par_1_10' title="bbox 249 3188 1153 3293">
     <span class='ocr_line' id='line_1_30' title="bbox 249 3188 1153 3293; baseline 0.001 -31"><span class='ocrx_word' id='word_1_238' title='bbox 249 3188 343 3263; x_wconf 77' lang='lat'><strong>219.</strong></span> <span class='ocrx_word' id='word_1_239' title='bbox 398 3193 606 3293; x_wconf 70' lang='lat' dir='ltr'><strong>Regulus</strong></span> <span class='ocrx_word' id='word_1_240' title='bbox 640 3193 804 3270; x_wconf 81' lang='lat' dir='ltr'><strong>consul</strong></span> <span class='ocrx_word' id='word_1_241' title='bbox 836 3196 1153 3270; x_wconf 75' lang='lat' dir='ltr'><strong>Romanorum.</strong></span> 
     </span>
    </p>
   </div>
   <div class='ocr_carea' id='block_1_9' title="bbox 80 3317 1275 4263">
    <p class='ocr_par' dir='ltr' id='par_1_11' title="bbox 80 3317 1275 4263">
     <span class='ocr_line' id='line_1_31' title="bbox 91 3317 1271 3410; baseline 0.003 -27"><span class='ocrx_word' id='word_1_242' title='bbox 91 3333 127 3403; x_wconf 64' lang='lat'><strong>3⁴0</strong></span> <span class='ocrx_word' id='word_1_243' title='bbox 218 3317 366 3406; x_wconf 85' lang='lat' dir='ltr'><strong>Regulus</strong></span> <span class='ocrx_word' id='word_1_244' title='bbox 379 3320 490 3385; x_wconf 89' lang='lat' dir='ltr'><strong>oonsul</strong></span> <span class='ocrx_word' id='word_1_245' title='bbox 503 3321 723 3389; x_wconf 88' lang='lat' dir='ltr'><strong>Romanorum</strong></span> <span class='ocrx_word' id='word_1_246' title='bbox 734 3321 814 3402; x_wconf 82' lang='lat' dir='ltr'><strong>suit,</strong></span> <span class='ocrx_word' id='word_1_247' title='bbox 835 3321 889 3410; x_wconf 73' lang='lat' dir='ltr'><strong>qui</strong></span> <span class='ocrx_word' id='word_1_248' title='bbox 900 3321 1014 3389; x_wconf 85' lang='lat' dir='ltr'><strong>multos</strong></span> <span class='ocrx_word' id='word_1_249' title='bbox 1026 3322 1174 3388; x_wconf 82' lang='lat' dir='ltr'><strong>Afrorum</strong></span> <span class='ocrx_word' id='word_1_250' title='bbox 1187 3318 1271 3387; x_wconf 91' lang='lat' dir='ltr'><strong>bello</strong></span> 
     </span>
     <span class='ocr_line' id='line_1_32' title="bbox 135 3404 1272 3496; baseline 0.004 -27"><span class='ocrx_word' id='word_1_251' title='bbox 135 3404 219 3492; x_wconf 88' lang='lat' dir='ltr'><strong>oepit</strong></span> <span class='ocrx_word' id='word_1_252' title='bbox 243 3429 285 3471; x_wconf 89' lang='lat' dir='ltr'><strong>ao</strong></span> <span class='ocrx_word' id='word_1_253' title='bbox 307 3404 435 3473; x_wconf 80' lang='lat' dir='ltr'><strong>vinculis</strong></span> <span class='ocrx_word' id='word_1_254' title='bbox 462 3405 601 3474; x_wconf 83' lang='lat' dir='ltr'><strong>tradidit.</strong></span> <span class='ocrx_word' id='word_1_255' title='bbox 638 3406 911 3496; x_wconf 54' lang='lat' dir='ltr'><strong>Hie&#39;aliquando,</strong></span> <span class='ocrx_word' id='word_1_256' title='bbox 937 3420 1051 3474; x_wconf 86' lang='lat' dir='ltr'><strong>ooutrn</strong></span> <span class='ocrx_word' id='word_1_257' title='bbox 1073 3430 1129 3473; x_wconf 84' lang='lat' dir='ltr'><strong>eos</strong></span> <span class='ocrx_word' id='word_1_258' title='bbox 1155 3408 1272 3475; x_wconf 88' lang='lat' dir='ltr'><strong>bellum</strong></span> 
     </span>
     <span class='ocr_line' id='line_1_33' title="bbox 80 3492 1274 3581; baseline 0.009 -32"><span class='ocrx_word' id='word_1_259' title='bbox 80 3541 86 3549; x_wconf 93' lang='lat'>.</span> <span class='ocrx_word' id='word_1_260' title='bbox 135 3512 245 3576; x_wconf 80' lang='lat' dir='ltr'><strong>agens,</strong></span> <span class='ocrx_word' id='word_1_261' title='bbox 259 3502 372 3578; x_wconf 84' lang='lat' dir='ltr'><strong>eaptus</strong></span> <span class='ocrx_word' id='word_1_262' title='bbox 382 3502 432 3558; x_wconf 86' lang='lat' dir='ltr'><strong>est</strong></span> <span class='ocrx_word' id='word_1_263' title='bbox 442 3503 475 3557; x_wconf 89' lang='lat' dir='ltr'><strong>et</strong></span> <span class='ocrx_word' id='word_1_264' title='bbox 484 3493 612 3560; x_wconf 81' lang='lat' dir='ltr'><strong>vinculis</strong></span> <span class='ocrx_word' id='word_1_265' title='bbox 621 3492 828 3581; x_wconf 85' lang='lat' dir='ltr'><strong>msuoipotus.</strong></span> <span class='ocrx_word' id='word_1_266' title='bbox 853 3492 1274 3580; x_wconf 75' lang='lat' dir='ltr'><strong>Quemllomaninonpsrri</strong></span> 
     </span>
     <span class='ocr_line' id='line_1_34' title="bbox 136 3575 1274 3667; baseline 0.004 -27"><span class='ocrx_word' id='word_1_267' title='bbox 136 3575 323 3663; x_wconf 84' lang='lat' dir='ltr'><strong>pendentes,</strong></span> <span class='ocrx_word' id='word_1_268' title='bbox 335 3575 493 3646; x_wconf 89' lang='lat' dir='ltr'><strong>dederunt</strong></span> <span class='ocrx_word' id='word_1_269' title='bbox 503 3579 641 3661; x_wconf 87' lang='lat' dir='ltr'><strong>obsides,</strong></span> <span class='ocrx_word' id='word_1_270' title='bbox 655 3601 792 3667; x_wconf 87' lang='lat' dir='ltr'><strong>eumque</strong></span> <span class='ocrx_word' id='word_1_271' title='bbox 806 3579 963 3646; x_wconf 79' lang='lat' dir='ltr'><strong>avinculis</strong></span> <span class='ocrx_word' id='word_1_272' title='bbox 970 3579 1139 3655; x_wconf 83' lang='lat' dir='ltr'><strong>solverunt</strong></span> <span class='ocrx_word' id='word_1_273' title='bbox 1161 3579 1274 3653; x_wconf 80' lang='lat' dir='ltr'><strong>Quum</strong></span> 
     </span>
     <span class='ocr_line' id='line_1_35' title="bbox 136 3661 1274 3754; baseline 0.007 -31"><span class='ocrx_word' id='word_1_274' title='bbox 136 3661 272 3728; x_wconf 86' lang='lat' dir='ltr'><strong>venisset</strong></span> <span class='ocrx_word' id='word_1_275' title='bbox 292 3663 324 3726; x_wconf 90' lang='lat' dir='ltr'><strong>iu</strong></span> <span class='ocrx_word' id='word_1_276' title='bbox 346 3677 509 3746; x_wconf 83' lang='lat' dir='ltr'><strong>senatum,</strong></span> <span class='ocrx_word' id='word_1_277' title='bbox 542 3688 687 3754; x_wconf 78' lang='lat' dir='ltr'><strong>uxorque</strong></span> <span class='ocrx_word' id='word_1_278' title='bbox 712 3688 785 3733; x_wconf 88' lang='lat' dir='ltr'><strong>oum</strong></span> <span class='ocrx_word' id='word_1_279' title='bbox 806 3664 876 3731; x_wconf 88' lang='lat' dir='ltr'><strong>liliis</strong></span> <span class='ocrx_word' id='word_1_280' title='bbox 897 3687 971 3730; x_wconf 84' lang='lat' dir='ltr'><strong>eum</strong></span> <span class='ocrx_word' id='word_1_281' title='bbox 991 3665 1127 3735; x_wconf 80' lang='lat' dir='ltr'><strong>oseulari</strong></span> <span class='ocrx_word' id='word_1_282' title='bbox 1148 3666 1274 3746; x_wconf 79' lang='lat' dir='ltr'><strong>vellent,</strong></span> 
     </span>
     <span class='ocr_line' id='line_1_36' title="bbox 96 3746 1273 3839; baseline 0.004 -29"><span class='ocrx_word' id='word_1_283' title='bbox 96 3746 313 3832; x_wconf 60' lang='lat' dir='ltr'><strong>aarespondit,</strong></span> <span class='ocrx_word' id='word_1_284' title='bbox 335 3770 402 3810; x_wconf 78' lang='lat' dir='ltr'><strong>nora</strong></span> <span class='ocrx_word' id='word_1_285' title='bbox 424 3747 544 3816; x_wconf 82' lang='lat' dir='ltr'><strong>debere</strong></span> <span class='ocrx_word' id='word_1_286' title='bbox 564 3752 745 3839; x_wconf 83' lang='lat' dir='ltr'><strong>captivum</strong></span> <span class='ocrx_word' id='word_1_287' title='bbox 766 3774 790 3816; x_wconf 84' lang='lat' dir='ltr'><strong>a</strong></span> <span class='ocrx_word' id='word_1_288' title='bbox 810 3746 920 3814; x_wconf 82' lang='lat' dir='ltr'><strong>nobili</strong></span> <span class='ocrx_word' id='word_1_289' title='bbox 935 3771 1087 3836; x_wconf 84' lang='lat' dir='ltr'><strong>persona</strong></span> <span class='ocrx_word' id='word_1_290' title='bbox 1107 3752 1273 3817; x_wconf 80' lang='lat' dir='ltr'><strong>osculari.</strong></span> 
     </span>
     <span class='ocr_line' id='line_1_37' title="bbox 139 3832 1274 3925; baseline 0.004 -29"><span class='ocrx_word' id='word_1_291' title='bbox 139 3832 265 3896; x_wconf 85' lang='lat' dir='ltr'><strong>Deinde</strong></span> <span class='ocrx_word' id='word_1_292' title='bbox 292 3852 389 3919; x_wconf 88' lang='lat' dir='ltr'><strong>quum</strong></span> <span class='ocrx_word' id='word_1_293' title='bbox 417 3836 519 3921; x_wconf 85' lang='lat' dir='ltr'><strong>pretio</strong></span> <span class='ocrx_word' id='word_1_294' title='bbox 549 3834 634 3903; x_wconf 88' lang='lat' dir='ltr'><strong>illum</strong></span> <span class='ocrx_word' id='word_1_295' title='bbox 664 3837 823 3904; x_wconf 83' lang='lat' dir='ltr'><strong>redimere</strong></span> <span class='ocrx_word' id='word_1_296' title='bbox 848 3833 1037 3917; x_wconf 86' lang='lat' dir='ltr'><strong>voluissent,</strong></span> <span class='ocrx_word' id='word_1_297' title='bbox 1070 3857 1274 3925; x_wconf 84' lang='lat' dir='ltr'><strong>summopere</strong></span> 
     </span>
     <span class='ocr_line' id='line_1_38' title="bbox 137 3916 1275 4010; baseline 0 -28"><span class='ocrx_word' id='word_1_298' title='bbox 137 3916 315 3997; x_wconf 82' lang='lat' dir='ltr'><strong>interdixit,</strong></span> <span class='ocrx_word' id='word_1_299' title='bbox 346 3916 475 4000; x_wconf 88' lang='lat' dir='ltr'><strong>dicens,</strong></span> <span class='ocrx_word' id='word_1_300' title='bbox 506 3943 542 3985; x_wconf 84' lang='lat' dir='ltr'><strong>se</strong></span> <span class='ocrx_word' id='word_1_301' title='bbox 563 3920 661 3986; x_wconf 80' lang='lat' dir='ltr'><strong>nulio</strong></span> <span class='ocrx_word' id='word_1_302' title='bbox 681 3920 779 3988; x_wconf 74' lang='lat' dir='ltr'><strong>niodo</strong></span> <span class='ocrx_word' id='word_1_303' title='bbox 800 3920 853 3984; x_wconf 87' lang='lat' dir='ltr'><strong>rei</strong></span> <span class='ocrx_word' id='word_1_304' title='bbox 872 3919 1027 3986; x_wconf 82' lang='lat' dir='ltr'><strong>militari</strong></span> <span class='ocrx_word' id='word_1_305' title='bbox 1046 3922 1155 4010; x_wconf 83' lang='lat' dir='ltr'><strong>digne</strong></span> <span class='ocrx_word' id='word_1_306' title='bbox 1174 3943 1275 4008; x_wconf 85' lang='lat' dir='ltr'><strong>posse</strong></span> 
     </span>
     <span class='ocr_line' id='line_1_39' title="bbox 139 4002 1273 4096; baseline 0.004 -31"><span class='ocrx_word' id='word_1_307' title='bbox 139 4002 317 4068; x_wconf 75' lang='lat' dir='ltr'><strong>inservire.</strong></span> <span class='ocrx_word' id='word_1_308' title='bbox 361 4004 489 4095; x_wconf 86' lang='lat' dir='ltr'><strong>Sioque,</strong></span> <span class='ocrx_word' id='word_1_309' title='bbox 510 4016 547 4073; x_wconf 89' lang='lat' dir='ltr'><strong>nt</strong></span> <span class='ocrx_word' id='word_1_310' title='bbox 568 4005 702 4072; x_wconf 84' lang='lat' dir='ltr'><strong>Orosius</strong></span> <span class='ocrx_word' id='word_1_311' title='bbox 723 4005 809 4084; x_wconf 75' lang='lat' dir='ltr'><strong>dicit,</strong></span> <span class='ocrx_word' id='word_1_312' title='bbox 830 4003 973 4071; x_wconf 86' lang='lat' dir='ltr'><strong>redditus</strong></span> <span class='ocrx_word' id='word_1_313' title='bbox 996 4018 1047 4073; x_wconf 86' lang='lat' dir='ltr'><strong>est</strong></span> <span class='ocrx_word' id='word_1_314' title='bbox 1067 4006 1196 4096; x_wconf 85' lang='lat' dir='ltr'><strong>propria</strong></span> <span class='ocrx_word' id='word_1_315' title='bbox 1218 4026 1273 4083; x_wconf 78' lang='lat' dir='ltr'><strong>vo-</strong></span> 
     </span>
     <span class='ocr_line' id='line_1_40' title="bbox 139 4087 1275 4181; baseline 0.004 -32"><span class='ocrx_word' id='word_1_316' title='bbox 139 4087 258 4154; x_wconf 84' lang='lat' dir='ltr'><strong>luntate</strong></span> <span class='ocrx_word' id='word_1_317' title='bbox 289 4089 451 4169; x_wconf 90' lang='lat' dir='ltr'><strong>hostibus,</strong></span> <span class='ocrx_word' id='word_1_318' title='bbox 484 4100 517 4155; x_wconf 93' lang='lat' dir='ltr'><strong>et</strong></span> <span class='ocrx_word' id='word_1_319' title='bbox 549 4090 581 4155; x_wconf 90' lang='lat' dir='ltr'><strong>ln</strong></span> <span class='ocrx_word' id='word_1_320' title='bbox 606 4090 730 4158; x_wconf 86' lang='lat' dir='ltr'><strong>riuouln</strong></span> <span class='ocrx_word' id='word_1_321' title='bbox 755 4089 936 4180; x_wconf 85' lang='lat' dir='ltr'><strong>ooujeotus‚</strong></span> <span class='ocrx_word' id='word_1_322' title='bbox 970 4092 1083 4160; x_wconf 83' lang='lat' dir='ltr'><strong>excisis</strong></span> <span class='ocrx_word' id='word_1_323' title='bbox 1115 4088 1275 4181; x_wconf 88' lang='lat' dir='ltr'><strong>palpebris</strong></span> 
     </span>
     <span class='ocr_line' id='line_1_41' title="bbox 98 4173 948 4263; baseline 0.007 -21"><span class='ocrx_word' id='word_1_324' title='bbox 98 4173 322 4253; x_wconf 77' lang='lat' dir='ltr'><strong>oooonlorum,</strong></span> <span class='ocrx_word' id='word_1_325' title='bbox 349 4175 498 4241; x_wconf 87' lang='lat' dir='ltr'><strong>insomnis</strong></span> <span class='ocrx_word' id='word_1_326' title='bbox 520 4174 622 4263; x_wconf 85' lang='lat' dir='ltr'><strong>periit.</strong></span> <span class='ocrx_word' id='word_1_327' title='bbox 924 4180 948 4219; x_wconf 60' lang='lat'><strong>&#39;¹</strong></span> 
     </span>
    </p>
   </div>
   <div class='ocr_carea' id='block_1_10' title="bbox 0 0 1339 4658">
    <p class='ocr_par' dir='ltr' id='par_1_12' title="bbox 0 0 1339 4658">
     <span class='ocr_line' id='line_1_42' title="bbox 0 0 1339 4658; baseline 0 0"><span class='ocrx_word' id='word_1_328' title='bbox 0 0 1339 4658; x_wconf 95' lang='lat' dir='ltr'><strong> </strong></span> 
     </span>
    </p>
   </div>
  </div>
 </body>
</html>
