2632 4658
129 146 211 229 rra
317 106 322 115 '
459 122 839 257 upummna.
890 152 930 231 a.
1157 196 1160 203 -
1296 98 1303 235 l

132 312 240 432 ipsae,
262 342 383 433 quippe
403 340 436 408 in
457 339 642 409 thesaurum
661 334 865 443 reconditas,
889 356 1046 444 apparere
1064 338 1117 409 rel
1136 338 1262 431 fulgere

131 438 382 531 passuum-nec
412 425 557 531 demipos
584 446 660 493 suos
687 425 735 493 lsr
757 425 842 492 'tatus
863 422 967 511 glona
986 424 1260 539 splendidorum.

133 514 362 703 illiniti
382 510 829 665 ttrtlttinfttnt
855 510 1261 679 ”titttltl‘lt‘lt

108 685 349 773 orcigenum,
369 680 510 749 Phineus
532 702 648 765 caecus
668 683 817 769 fingitur,
843 679 931 769 quod
951 682 1053 751 omnis
1073 706 1190 753 avarus
1206 710 1262 754 sua

134 793 197 837 non
225 768 323 851 ridet,
353 790 415 835 nco
439 768 735 1004 usquaqpperequqit
764 766 888 837 babitu.
922 765 1007 845 dun,
1027 778 1158 861 semper
1188 784 1261 859 eget

133 855 300 924 habendis.
341 852 422 920 Ideo
443 854 556 942 Harpy

133 965 235 1030 rapax
263 938 382 1027 aliquid
411 961 487 1006 eum
517 938 538 1005 d

134 1026 223 1115 quod
243 1024 314 1130 ejus
337 1024 470 1113 prandia
490 1034 634 1107 stercore
651 1022 792 1102 loedant,
812 1023 914 1090 innuit
929 1024 1147 1095 feneratorum
1162 1027 1261 1108 ritum,

93 1114 167 1179 1⁰in
188 1111 353 1191 omnibus,
374 1121 412 1176 ut
433 1111 550 1199 probat
570 1110 741 1190 Horatius,
762 1108 933 1176 sordidam.
975 1108 1044 1177 Sed
1065 1133 1121 1179 eas
1146 1134 1169 1180 a
1192 1136 1262 1181 con·

134 1211 249 1288 spectu
264 1218 336 1286 equs
351 1195 451 1262 Zetes
467 1205 501 1262 et
515 1192 622 1295 Calais
645 1195 769 1283 fragant,
788 1195 867 1347 quia
885 1188 1016 1263 Graece
1035 1199 1143 1284 ζητῶν
1163 1194 1261 1269 καλὸν
1294 1170 1299 1263 l

132 1283 315 1372 inquirent
345 1279 470 1345 bonnm
501 1278 645 1348 dicimus.
699 1280 746 1347 Hi
776 1280 851 1347 ico
884 1280 1008 1348 volatici
1047 1282 1260 1371 perhibentur,
1296 1268 1300 1357 l

155 1367 222 1435 uod
242 1366 344 1434 omnis
365 1365 524 1453 inquisitio
545 1366 618 1433 boni
639 1365 775 1453 terrenis
796 1388 970 1455 numquam
989 1366 1086 1435 rebus
1103 1368 1260 1437 miscetur.
1296 1364 1301 1427 ἒ

132 1392 214 1520 ldeo
237 1450 400 1542 Aquilonis
416 1449 490 1531 fili,
518 1450 605 1539 quod
632 1452 705 1517 boni
732 1451 891 1541 inquisitio
917 1452 1086 1541 spiritualis
1107 1465 1176 1537 est,
1203 1474 1260 1521 non

92 1562 127 1611 1⁵
136 1538 279 1606 carnalis.
323 1537 418 1623 Ergo
438 1536 582 1603 veniente
603 1538 760 1617 bonitate,
793 1538 894 1605 omnis
910 1536 1057 1627 rapinas
1119 1548 1185 1609 tur.

217 1627 249 1691 7.
291 1623 405 1689 Habet
424 1621 519 1687 etiam
540 1621 665 1702 fabula,
692 1621 879 1710 Neptunum
901 1645 975 1690 cum
995 1623 1136 1712 llpolrne
1156 1644 1260 1693 muros

133 1707 257 1813 'I'rojae
277 1706 469 1775 fabricatum
490 1728 571 1775 esse.
615 1706 683 1775 Sed
715 1718 840 1775 constat
866 1707 1121 1776 Laomedontem
1151 1710 1259 1799 supra-

135 1795 228 1863 dictus
251 1793 310 1860 diis
331 1804 452 1861 certem
473 1792 596 1860 vovisse
616 1792 784 1889 pecuniam
807 1791 851 1861 ad
867 1816 960 1862 sacra
979 1793 1139 1878 faciende,
1159 1816 1260 1885 quam,

84 1912 86 1918 ·
135 1880 371 1949 imminentibus
408 1877 571 1960 hostibus,
614 1877 657 1945 ad
694 1900 859 1947 murorum
903 1879 1056 1947 fabricam
1094 1880 1260 1967 transtullt.
1284 1908 1304 1961 ·,

92 1966 233 2034 ²⁰Uude
257 1963 301 2031 dii
330 1974 364 2030 et
395 1963 510 2030 iecisse
537 1984 647 2031 muros
674 1975 708 2030 et
729 1965 843 2050 offensi
865 1984 938 2033 esse
958 1963 1129 2048 dicuntur„
1158 1966 1261 2056 Hujus
1301 1970 1305 2027 l

135 2053 232 2120 etiam
251 2051 335 2117 filius
355 2048 525 2137 Messapus
546 2048 652 2117 dictus
680 2061 749 2131 est,
782 2051 857 2153 quia
884 2072 944 2140 per
964 2072 1055 2117 mare
1076 2048 1120 2117 ad
1141 2050 1261 2119 Italiam

136 2139 228 2213 venit.
278 2134 345 2209 Qui
382 2134 495 2200 etiam·
513 2134 742 2201 invulnerabilis
762 2135 877 2203 *duetus
905 2146 972 2217 est,
1008 2135 1083 2224 quia
1108 2158 1261 2226 nusquam

136 2223 218 2290 bello
239 2221 342 2322 periit
359 2304 367 2321 ι
386 2217 482 2293 Quod
497 2241 576 2324 vero
593 2219 766 2324 fluviorum
782 2219 899 2287 dicitur
919 2244 985 2324 repr,
1007 2242 1102 2323 nemo
1123 2223 1262 2297 miratur,

27 2346 33 2355 ’
69 2315 649 2464 .nlitl,3lt¹'⁸¹iut‘¹ltt·¹2in
666 2305 1152 2480 titillationi&
1167 2328 1262 2482 ¹3:23

626 851 655 918 ci
735 852 805 942 ejus
824 853 967 943 rapiunt,
998 854 1088 959 qupd
1109 858 1260 925 tenacitas

587 960 647 1003 sno
676 948 811 1027 gustare
837 959 900 1005 non
924 948 1084 1029 permittat.
1127 944 1171 1009 At
1191 965 1261 1010 sero

134 2481 294 2567 mugitum
317 2475 414 2541 boum
435 2474 598 2543 imitantur
619 2497 783 2543 murmure
803 2498 974 2565 aquarum,
1003 2477 1070 2544 sire
1090 2477 1180 2567 quod
1201 2478 1263 2567 ple·
1303 2544 1306 2563 ,

134 2585 271 2653 rumque
301 2561 337 2626 in
370 2581 526 2627 cornuum
556 2559 788 2629 similitudinem
815 2573 960 2632 curtatas
990 2562 1151 2633 cemimus
1171 2563 1264 2655 ripas,

134 2652 200 2719 sive
221 2657 353 2740 propter
372 2645 527 2735 impetum
545 2667 711 2735 aquarum.
1242 2652 1267 2713 '.

324 2814 329 2823 ’
418 2928 422 2933 ,
543 2858 583 2937 a.
637 2864 856 2939 Pluto.

20 3006 22 3021 ¹
95 3000 132 3049 ³⁰
223 2990 255 3057 1.
299 2987 457 3066 Quartum
476 2992 607 3061 Saturni
635 2995 732 3062 filium
745 2993 923 3081 ¹Plutonem
942 2992 1059 3061 volunt.
1100 2986 1202 3061 Hunc
1220 2994 1264 3061 in·

138 3078 432 3230 [eropumreqpm
459 3089 618 3181 terrarum
639 3080 784 3149 videlicet
807 3079 985 3167 praesulem
1007 3090 1151 3183 ponunt·
1182 3081 1265 3146 Eum
1297 3126 1298 3137 ,

138 3168 261 3230 btatrus
291 3186 324 3228 m
386 3163 523 3267 bebapde
552 3178 585 3232 et
617 3178 756 3233 satorem
785 3187 892 3231 rerum
922 3177 1015 3269 vocat
1043 3176 1077 3231 et
1096 3166 1264 3243 limtorem,

137 3249 229 3402 qiil
243 3249 403 3402 titii
423 3261 627 3402 tutati
646 3250 1265 3411 Pittttlttltntffilt‘s

93 3357 289 3509 noqiretatur.
331 3418 428 3487 Unde
456 3430 489 3487 et
516 3420 607 3512 aliter
620 3386 713 3500 'Dia
744 3419 778 3487 id
810 3431 860 3487 est
888 3422 983 3486 clives
1012 3420 1145 3500 dicitur,
1180 3416 1263 3510 quod

138 3505 283 3574 videlicet
305 3506 354 3573 vel
374 3506 406 3572 in
427 3505 502 3572 solis
523 3507 615 3574 terris
636 3505 762 3574 divitiae
784 3526 857 3572 esse
881 3505 1070 3587 credantur,
1101 3505 1151 3574 rel
1179 3504 1264 3595 quod

136 3591 168 3655 in
189 3591 315 3658 mundo·
331 3591 406 3658 nihil
424 3591 548 3659 inferno
569 3593 611 3658 sit
631 3591 735 3660 ditius.
776 3591 841 3666 Qui
869 3614 968 3680 quum
996 3591 1103 3657 omnia-
1122 3593 1265 3682 recipiat,

137 3698 312 3767 numquam
339 3689 447 3745 tamen
475 3688 645 3745 saturatur.
686 3676 767 3745 Inde
794 3686 860 3757 eat,
887 3674 974 3765 quod
994 3675 1079 3744 idem
1099 3674 1181 3744 deus
1203 3678 1265 3745 Ve-

138 3761 228 3845 dius,
260 3761 294 3829 id
307 3778 310 3785 ’
323 3772 374 3830 est
401 3762 518 3828 molus
545 3762 640 3867 deas,
668 3773 702 3829 et
723 3761 871 3865 yejoris,
906 3761 939 3827 id
961 3772 1011 3827 est
1033 3761 1150 3860 nialus
1170 3762 1266 3867 Jopip,

96 3845 602 4001 enuntiantur
623 3848 1266 4001 ,tarentinarum

137 3958 291 4107 supplicio
320 4027 354 4086 et
376 3957 529 4084 'exadine
558 3979 779 4086 clausurum
809 4016 997 4085 Secundum
1026 4016 1167 4083 'l'ullium
1190 4040 1266 4087 vero

136 4101 212 4169 ideo
235 4104 331 4173 Pluto
351 4102 438 4171 dives
459 4102 592 4183 dicitur,
621 4102 707 4192 quod
727 4104 758 4170 in
780 4111 882 4170 terras
903 4102 1046 4171 recidant
1075 4113 1109 4169 et
1136 4102 1181 4171 de
1200 4115 1265 4173 ter-

136 4190 179 4258 ris
202 4190 345 4261 oriantur
363 4188 519 4272 universa.
561 4189 720 4259 'l'onebris
749 4187 959 4260 aeternalibus
980 4187 1054 4257 ideo
1079 4186 1265 4279 deputatam,
