2632 4658
64 169 120 245 aa
319 181 355 229 κ·
397 169 659 272 upum-11.
710 167 781 244 uo.
805 152 879 259 u,

68 348 229 440 ἀθανάτη
258 350 450 438 παρθένος,
469 351 503 419 id
523 362 573 421 est
593 353 810 419 immortalis·
831 351 952 441 virgm
976 351 1052 441 quin
1072 352 1197 441 sapien·

68 440 111 505 tia
128 461 192 515 nec
212 439 293 505 mori
313 437 430 524 poterit
448 459 508 502 nec
529 439 697 526 corrumpi.
729 494 735 521 ,
756 440 793 505 ln
815 436 908 527 hujus
929 439 1028 506 tutela
1049 452 1198 525 noctuam

71 534 211 610 ponunt,
256 521 343 612 quod
383 524 536 610 sapientia
571 525 666 591 etium
697 523 859 611 proprium
892 523 1051 617 fulgorem
1083 534 1206 611 teneat.-

72 606 243 684 Quomodo
267 619 465 675 autemeam
493 609 525 675 in
556 631 647 675 suam
674 608 804 677 tutelam
835 610 1011 697 receperit,
1047 608 1131 675 haec
1152 620 1200 677 ost

45 694 187 766 stabula.
228 692 390 783 Nycteus,
423 692 613 783 Aethiopum
628 716 686 759 rex
708 693 921 776 felicissimus,
957 695 1069 764 habuit
1095 694 1200 773 filiam,

50 780 102 844 ‘N
125 780 292 845 ctimenem
313 778 448 844 nomine.
504 781 597 853 Quae
627 800 723 882 quum
752 779 908 846 scelerato
937 801 1047 847 amore
1121 780 1209 847 trem¹

71 806 236 948 diligeret,
265 884 412 935 amorem
445 886 537 931 suum
564 866 676 931 nutrici
710 864 857 931 confessa
877 877 943 944 est,
973 865 1059 930 infun
1085 886 1201 953 umque

70 951 181 1036 petivit
201 950 356 1015 auxilium.
410 949 461 1015 Ea
481 972 558 1016 uero
581 973 677 1036 quum
706 950 840 1017 mentito
869 960 954 1017 essct
986 950 1116 1017 domiuo
1143 960 1201 1017 s'uo

70 1036 215 1123 Nyctea,
249 1058 270 1100 a
292 1031 430 1121 quadam
450 1035 534 1101 illum
555 1050 711 1101 extraneo
734 1035 823 1120 diligi
844 1036 982 1122 virgine,
1014 1036 1056 1101 im
1080 1034 1202 1111 etravit,

30 1132 108 1197 10ut
127 1119 178 1184 ille
198 1118 281 1185 filiae
302 1141 380 1185 auae
401 1119 584 1207 imprudens
618 1131 761 1186 uteretur
789 1120 992 1208 amplexibus.
1067 1142 1124 1187 ero
1152 1120 1203 1185 ille

73 1205 238 1291 cognitum
275 1203 397 1270 facinus
432 1206 541 1272 statuit
571 1206 737 1271 vindicare.
800 1206 949 1307 Agultam
980 1206 1090 1293 itaque
1119 1204 1201 1271 iuter

71 1291 158 1380 ipsos
179 1288 340 1377 amplexus
360 1289 455 1355 tiliam
484 1312 581 1379 quum
601 1290 751 1357 voluisset
776 1304 978 1377 extinguere,
1007 1290 1058 1356 illa
1083 1290 1200 1373 hfiner-

71 1399 132 1447 vae
151 1374 501 1462 imploravitauxilium,
524 1375 614 1465 cujus
636 1376 832 1464 protectione
847 1376 988 1464 periculo
1010 1390 1061 1443 est
1081 1387 1202 1463 erepta,

72 1484 164 1527 versa
186 1482 227 1525 ue
259 1459 291 1524 iu
320 1482 426 1539 avem,
462 1484 545 1549 quae
577 1483 617 1527 ex
647 1461 838 1527 conscientia
869 1460 1027 1529 commissi
1054 1461 1201 1527 facinoris

31 1546 145 1625 15diei¹
165 1484 257 1632 lugit
285 1554 465 1632 aspectum,
504 1557 538 1611 et
562 1546 722 1611 Minervae
753 1546 871 1612 tutelae
901 1546 1009 1615 dicata
1034 1558 1097 1615 cst,
1145 1545 1203 1613 Alii

74 1632 200 1711 dicunt,
234 1628 329 1695 filium
350 1629 459 1696 Proeti
489 1630 607 1711 fuisse,
636 1630 797 1734 patrisque
826 1632 887 1700 rim
918 1632 1079 1700 timentem
1109 1631 1202 1699 aufu-

74 1715 181 1803 gisse,
215 1736 310 1802 quam
331 1713 472 1783 Minerva
491 1716 620 1784 mutavit
638 1739 670 1782 1u
694 1728 849 1783 noctuam.

450 1884 519 1961 40.
579 1887 825 1964 Vulcanus.
901 1842 904 1849 Ι

160 2006 321 2082 Vulcanus
342 2014 425 2103 ignis
444 2026 515 2096 est,
544 2025 576 2083 et
596 2015 703 2085 dictus
725 2029 775 2084 est
796 2016 956 2084 Vulcanus
972 2014 1084 2104 'quasi
1105 2011 1146 2083 V
1141 2014 1213 2093 atat,

33 2116 202 2181 acaunus,
232 2099 320 2189 quod
349 2123 406 2188 per
434 2107 540 2166 aerem
568 2102 668 2171 colet.
689 2166 698 2187 ,
720 2103 845 2170 Dicitur
872 2116 976 2169 autem
1000 2100 1161 2167 Vulcanus
1186 2122 1207 2165 a

76 2186 202 2250 Junoue
238 2196 368 2274 propter
404 2185 636 2254 deformitatem
665 2187 824 2277 dejectus:
870 2210 965 2276 quam
995 2192 1102 2253 aierem
1134 2208 1206 2251 csse

47 2273 51 2282 '
77 2282 218 2349 constat,
249 2294 290 2337 ex
311 2294 374 2360 quo
394 2270 523 2337 fulmina
544 2288 761 2358 procreantur.
803 2273 883 2339 Ideo
912 2285 1018 2340 autem
1043 2271 1206 2337 Vulcanus

77 2355 120 2422 de
141 2348 263 2421 fem'ore
283 2357 416 2423 lunonis
437 2359 478 2422 fin
505 2357 568 2424 itur
586 2371 696 2438 uatus,
739 2359 814 2447 qula
834 2358 962 2424 fulmina
982 2356 1024 2422 dc
1043 2355 1108 2439 imo
1130 2360 1208 2421 abre

36 2508 43 2523 ‚
77 2452 259 2509 nascuntur.
302 2442 398 2508 Unda
432 2455 464 2509 et
519 2466 644 2512 omerus
665 2444 759 2524 dicit,
797 2467 869 2511 eum
893 2443 934 2510 de
954 2448 1031 2510 aitte
1050 2440 1207 2529 praecipi-

36 2528 371 2607 taurominitanus,
392 2529 477 2617 quod
497 2552 592 2595 omne
614 2530 729 2596 fulmen
752 2528 793 2595 de
814 2536 889 2597 abre
910 2528 1025 2609 oadat;
1056 2522 1210 2615 quodqu'e

79 2615 194 2679 crebro
215 2613 248 2678 iu
269 2615 425 2682 Lemnum
441 2615 573 2681 insulam
589 2615 726 2705 jacitur,
746 2615 820 2681 ideo
840 2617 873 2682 iu
894 2637 965 2681 eum
986 2614 1102 2680 dicitur
1123 2611 1209 2677 ceci-

79 2697 166 2764 disse
187 2698 357 2767 Vulcanus.
400 2699 542 2767 Claudus
579 2715 684 2769 autem
712 2700 843 2780 dicitur,
875 2701 950 2789 quia
973 2722 1036 2788 per
1061 2708 1211 2764 naturam

79 2804 250 2871 numquam
268 2797 376 2851 rectus
397 2797 446 2851 est
461 2786 557 2872 iguis.
597 2787 677 2852 Ideo
700 2808 775 2852 vero
790 2809 862 2853 eum
876 2787 1038 2852 Minervae
1057 2782 1211 2871 conjungi

81 2868 264 2952 voluerunt,
300 2871 374 2960 qnia
404 2871 493 2937 furor
523 2872 618 2939 etiam
651 2872 821 2960 sapientiae
851 2869 1020 2960 aliquando
1051 2876 1212 2955 surrepat.

39 2954 140 3021 aoltta
160 2976 235 3021 voro
266 2955 361 3023 armis
389 2957 597 3044 virginitatem
625 2955 782 3037 defendit,
821 2958 895 3045 quia
924 2957 1024 3023 omnis
1054 2952 1214 3043 sapientia

81 3041 297 3126 integritatem
319 3063 440 3108 morum
462 3066 591 3109 suorum
615 3055 724 3108 contra
748 3043 859 3109 furiam
888 3043 1001 3108 virtute
1028 3038 1123 3105 animi
1144 3038 1213 3103 viu-

83 3126 178 3192 dicat.
245 3126 340 3193 Unde
380 3129 506 3216 quidam
550 3128 776 3195 Erichthonius
820 3128 976 3208 nascitur;
1022 3132 1089 3211 ἔρις
1128 3123 1214 3188 euim

83 3215 213 3277 Graece
234 3223 408 3277 certamen
440 3215 564 3280 dicitur.
618 3214 777 3288 Quidnam
807 3212 890 3278 aliud
921 3211 1000 3279 surri
1023 3210 1091 3275 iens
1124 3208 1214 3276 furor

84 3298 256 3386 sapientiae
305 3320 437 3363 onerare
459 3309 601 3387 poterat,
631 3300 689 3363 nisi
720 3309 892 3363 certamen
914 3234 1092 3362 invidl'uef
1126 3290 1216 3381 quod

41 3408 119 3469 35sa
141 3382 254 3462 ieutia,
272 3319 307 3447 ih
328 3396 377 3451 est
396 3384 556 3465 Minerva,
578 3383 744 3450 abscondit
760 3383 791 3447 in
813 3383 909 3461 cista,
937 3382 971 3447 id
994 3391 1043 3446 est
1061 3380 1093 3444 in
1114 3376 1216 3443 corde

83 3407 175 3537 celat.
227 3468 319 3554 Ergo
349 3470 490 3537 Minerva
512 3470 682 3537 draconem
713 3469 858 3571 apponit,
888 3465 993 3534 idest
1023 3464 1221 3553 perniciem}

106 3577 178 3620 uem
208 3555 335 3643 quidem
371 3556 495 3624 duabus
524 3554 755 3623 commendavit
784 3554 972 3643 virginibus,
1005 3551 1149 3638 Aglauro
1184 3560 1217 3617 et

36 3692 41 3699 .
83 3640 264 3707 landorae.
306 3641 459 3709 Pandora
474 3634 554 3709 e'nlm
570 3640 766 3707 universale
781 3662 904 3703 ortanus
919 3636 1051 3719 dicitur3
1071 3635 1217 3723 Aglauro

83 3747 160 3790 vero
200 3725 290 3813 quasi
326 3727 592 3807 accoloren,·td
621 3737 671 3793 est
703 3724 874 3791 tristitiae
901 3721 1062 3789 oblivioe·
1090 3720 1218 3809 sapiens

43 3812 170 3888 40enim
189 3810 332 3877 dolorem
353 3836 445 3880 suum
469 3825 525 3880 aut
543 3809 730 3899 benignitati
752 3807 964 3889 commendat,
985 3817 1040 3875 aut
1062 3806 1219 3873 oblivioni.

470 3967 537 4044 dl.
594 3969 830 4045 lllcrcurii.

123 4077 126 4081 ⁵
172 4094 329 4161 Corvilius
351 4095 445 4174 dicit,
480 4105 615 4183 quatuor
644 4118 714 4163 esse
734 4092 927 4176 Mercurios;
960 4116 1058 4161 unum
1077 4094 1169 4161 Jovis
1189 4102 1223 4161 ct

86 4180 208 4269 lllajae,
230 4181 313 4249 tiliae
333 4182 648 4262 Atlantis;.alterum
668 4181 756 4249 Caeli
778 4191 810 4251 et
830 4180 924 4263 Diei3
959 4180 1087 4249 tertium
1111 4179 1223 4247 hiberi
