2632 4658
130 173 185 253 aa
360 124 1060 289 tamqna‘aozaaf,
1163 150 1225 283 .'
1290 210 1307 303 3

167 421 173 433 .
301 398 304 406 ·
349 357 420 436 80.
473 360 659 464 'l'pdeus
697 373 741 435 et
773 313 1046 464 Ilolyulcos'.
1159 458 1162 463 Ι
1208 412 1220 447 f

217 503 370 596 Tydeus,
391 507 496 574 Oenii
516 499 652 601 filius-et
668 504 891 608 Cassiopeiae,
912 506 1078 577 Diomedis
1094 496 1210 597 parer„
1232 506 1276 577 ls'

134 615 231 682 quum
268 592 481 696 Melanippum
517 590 614 656 filium
651 613 744 657 suurn
781 591 1010 683 interfecisset,
1055 592 1127 659 exul
1159 594 1262 679 Argos

158 678 277 744 ervenit
298 690 331 744 et
356 678 492 756 amrqbia
513 672 649 742 Adrasto
672 675 744 762 rogi
767 675 897 767 junctus
921 688 980 745 est.
1021 680 1098 768 Ipso
1119 689 1264 767 temporo

109 704 321 866 ol'ulynices,
349 785 453 850 regno
462 761 620 849 expulsus
643 783 662 827 a
687 762 785 827 lratre
806 783 865 828 sno
886 761 1039 866 Eteocle,
1067 764 1122 851 qui
1142 763 1263 832 Thebis

132 850 575 1000 tlltttttatllttttti
597 844 968 1021 tlpllttssjfflqttb
989 850 1263 1022 rtltbdtt‘t
1288 978 1292 983 .

134 1021 289 1096 futurum,
322 1029 356 1084 ut
382 1016 461 1084 filias
486 1014 677 1083 suasdaret
704 1039 783 1103 apro
811 1029 845 1083 et
871 1015 954 1084 leoni
983 1021 1076 1105 (nam
1096 1016 1264 1124 Polynices

52 1143 53 1149 κ
133 1119 166 1173 et
190 1102 324 1196 Tydeus
352 1125 461 1170 earum
491 1099 630 1168 ferarum
653 1101 786 1192 pellibus
813 1103 888 1169 tecti
916 1104 1043 1192 eraut),
1079 1105 1264 1175 existimarit

91 1201 208 1268 sorex,
240 1190 285 1255 eis
307 1188 428 1255 debere
461 1187 541 1254 filias
579 1209 654 1253 suas
692 1187 723 1252 in
763 1187 995 1255 matrimonium
1032 1189 1118 1258 dare.
1154 1191 1264 1259 -fltna

132 1274 305 1355 Adrastus,
337 1271 470 1351 adscitis
498 1272 616 1340 civibus
645 1272 728 1351 suis,
761 1272 909 1342 auxilium
938 1275 1000 1343 Pol
1023 1275 1085 1343 uici
1111 1273 1262 1344 adsersus

99 1360 297 1429 'Eteoclem
323 1358 401 1426 tnlit
442 1358 491 1437 lbi
521 1357 655 1448 Tydeus
681 1357 866 1427 tntartectus
893 1371 952 1428 est.
992 1297 1164 1453 dolynices
1192 1382 1264 1431 cnut

130 1446 231 1514 fratre
252 1445 369 1514 mutuis
390 1442 569 1516 vulneribus
594 1441 718 1512 cecidit

304 1611 371 1688 ut.
426 1578 733 1714 Syniebrouis
762 1626 804 1689 et
836 1612 1088 1690 Branchus.

90 1768 126 1821 1⁵
221 1758 300 1826 Cius
328 1755 456 1846 quidam
483 1778 539 1847 rex
569 1780 667 1861 quum
692 1758 725 1824 in
750 1781 827 1849 pere
869 1758 1008 1828 ‘natione
1033 1756 1208 1848 pranderet
1233 1757 1272 1825 in.

131 1845 241 1924 litore,
271 1866 311 1912 ao
335 1843 454 1910 deiude
480 1846 754 1933 proficisceretur,
784 1844 825 1911 ob
847 1857 897 1914 tus
919 1857 968 1913 est
992 1843 1108 1926 fibum,
1137 1843 1265 1913 nomine
1304 1878 1307 1911 t

132 1931 375 2020 Synicbrouem.
424 1928 481 1996 llle
503 1931 646 2019 pervenit
670 1930 702 1996 iu
731 1929 844 1997 saltum
869 1931 994 2019 patroni
1018 1928 1203 2020 cujusdam
1232 1940 1265 1999 et
1304 1922 1307 1941 '

131 2040 229 2106 quum
253 2027 338 2084 esset
356 2026 522 2166 receptus,
544 2015 651 2107 coepit
670 2037 744 2082 cum
764 2015 843 2083 illius
862 2016 970 2106 pueris
990 2039 1103 2106 capras
1122 2036 1281 2106 pascere.

133 2099 308 2189 Aliquando
346 2123 425 2188 pren
449 2099 578 2168 iderunt
615 2123 777 2190 cygnum,
824 2112 857 2169 et
892 2102 979 2192 illum
1019 2111 1266 2191 cooperuerunt

90 2187 220 2252 auDum
248 2186 309 2272 ipsi
337 2198 503 2274 puguant,
540 2198 576 2253 ut
604 2185 688 2253 illum
720 2198 854 2276 patrono
883 2210 997 2255 munus
1025 2188 1197 2269 offerrent,
1235 2196 1294 2253 et'

133 2295 231 2359 quum
252 2272 321 2360 jam
342 2284 449 2339 essent
470 2270 593 2359 fatigati
615 2273 804 2351 certamine,
831 2270 951 2361 rejecta
973 2286 1075 2354 veste,
1104 2271 1265 2339 mulierem

132 2358 326 2423 invenerunt.
369 2357 415 2424 Et
435 2380 532 2445 quum
556 2356 722 2443 lugerent,
750 2359 891 2425 revocati
913 2361 954 2424 ab
976 2381 1033 2438 ea,
1061 2359 1170 2426 moniti
1194 2357 1265 2436 sint,

132 2455 169 2510 ut
197 2453 349 2546 patronus
377 2444 470 2509 unice
493 2442 723 2530 Synichronem
750 2440 899 2530 diligeret
925 2434 1067 2533 puerum.
1109 2444 1155 2510 Illi
1181 2465 1265 2532 quae
1304 2492 1307 2499 .

134 2529 311 2604 audierunt.
328 2539 467 2632 patrono
487 2526 714 2595 indicaverunt
746 2528 842 2594 Tunc
862 2540 1014 2616 patronus
1032 2529 1265 2620 Synicbronem

91 2630 192 2705 aspro
215 2637 274 2682 suo
296 2613 360 2680 fibo
380 2615 476 2681 nimio
497 2610 605 2680 dilexit
632 2614 767 2693 all'ectu,
797 2615 889 2702 eique
911 2615 1005 2681 filiam
1032 2637 1122 2682 suam
1144 2610 1265 2685 duceb-

33 2722 38 2729 ’
134 2701 209 2766 dam
240 2699 355 2767 locavit
386 2721 527 2766 uxorem.
587 2697 643 2764 Illa
675 2721 772 2786 quum
805 2721 986 2787 praegnans
1019 2722 1059 2766 ex
1094 2706 1270 2779 coesset,

133 2784 211 2854 uidit
238 2785 271 2851 in
298 2784 415 2851 somnis
442 2806 503 2870 per
519 2784 636 2851 larices
662 2806 737 2850 suas
765 2782 913 2853 introisse
938 2784 1056 2866 solem,
1095 2799 1130 2853 et
1162 2786 1265 2853 exisse

133 2894 193 2960 per
213 2881 363 2937 ventrem.
404 2868 514 2936 lulans
536 2867 639 2938 aditus
660 2868 734 2936 ideo
754 2870 922 2939 Branchus
946 2882 1078 2938 vocatus
1099 2882 1165 2951 est,
1193 2869 1269 2958 qnia

135 2967 238 3024 mater
269 2955 336 3044 ejus
368 2976 427 3043 per
459 2955 570 3023 sources
602 2954 661 3021 sibi
694 2954 815 3022 viderat
848 2956 880 3021 iu
912 2968 1037 3023 uterum
1072 2968 1267 3043 penetrasse.

93 3049 129 3097 ³⁰
138 3043 202 3109 Hic
222 3063 320 3128 quum
341 3039 374 3106 in
402 3039 484 3108 silris
505 3040 676 3131 Apollinem
698 3039 858 3108 osculatus
883 3052 986 3120 esset,
1016 3042 1266 3130 comprehensus

135 3140 184 3193 ast
205 3129 245 3192 ab
268 3149 327 3206 eo,
358 3135 391 3194 et
411 3140 545 3217 accepta
566 3148 684 3192 corona
706 3127 876 3215 virgaque,
905 3126 1070 3218 vaticinari
1087 3128 1210 3219 coepit,
1235 3136 1268 3194 et

20 3215 23 3231 ¹
135 3214 240 3280 subito
269 3218 425 3299 nusquam
453 3211 639 3298 comparuit
682 3210 853 3300 Templum
879 3211 908 3275 ei
937 3210 1056 3280 factum
1082 3226 1148 3291 est,
1178 3211 1269 3300 quod

134 3296 432 3367 Branchiodon
453 3299 648 3364 nominatur:
675 3307 708 3364 nt
727 3297 859 3385 Apollini
879 3296 998 3384 pariter
1013 3299 1168 3387 philasia
1190 3320 1266 3381 con-

20 3455 21 3460 ,
138 3396 264 3452 secrato
285 3392 359 3450 suut
380 3382 514 3470 templa,
537 3403 621 3469 quae
642 3384 683 3446 ab
701 3382 816 3446 osculo
829 3382 981 3467 Branchi,
1008 3384 1074 3453 sire
1094 3382 1267 3455 cenamus

93 3477 328 3562 aspanorum,
345 3467 500 3558 philasia
524 3476 756 3558 nuncupantur.

269 3604 278 3639 r
497 3631 567 3710 82.
621 3633 903 3712 Salmoneus.

97 3772 100 3778 ’
221 3769 410 3838 Salmoneus
436 3768 538 3839 Elidis
567 3793 625 3838 rex
656 3770 732 3852 fuir,
770 3770 825 3858 qui
853 3769 948 3838 nimia
979 3756 1128 3836 felicitate
1157 3758 1270 3846 elatus,

136 3881 212 3926 suos
240 3858 326 3923 cives
355 3854 539 3924 sacerdotes
566 3868 600 3926 et
622 3879 715 3923 sacra
734 3855 822 3923 Joris
846 3854 889 3921 ad
914 3876 950 3921 se
971 3853 1145 3921 transferre
1164 3854 1270 3944 jussit,

137 3945 260 4031 sibique
285 3941 455 4030 religiones
482 3943 561 4009 illius
583 3952 616 4009 et
637 3963 729 4008 sacra
752 3940 946 4030 impendere.
975 3939 1191 4017 Hic,.rectus
1213 3962 1270 4030 per

96 4050 266 4103 uoaereum
279 4040 411 4115 pontem
424 4049 531 4110 curru,
550 4028 731 4095 imitabatur
753 4028 908 4106 tonitrua,
931 4035 964 4092 et
981 4025 1068 4092 laces
1088 4028 1119 4093 in
1136 4027 1269 4094 modum

140 4115 274 4180 fulminis
298 4113 510 4204 jaculabatur.
567 4116 608 4180 At
639 4111 806 4200 luppiter,
838 4132 948 4180 verum
969 4110 1087 4179 fulmen
1108 4124 1270 4202 torquens,

138 4202 342 4290 praecipitem
365 4199 398 4266 in'
418 4201 558 4270 Tartara
578 4197 699 4285 adegit.
1000 4232 1003 4236 -
