2632 4658
149 969 153 977 ι
264 788 706 941 umnoananaus
747 800 991 949 annuus..
1243 830 1246 959 ξ

226 1103 282 1172 Do
312 1103 385 1170 diis
410 1102 572 1193 gentiam
604 1112 639 1168 et
668 1099 809 1167 illorum
833 1092 1058 1204 allegoriis.-

415 1416 418 1420 ’
484 1402 781 1477 Prooemium.

146 1530 225 1600 Fuit
243 1529 295 1606 „in
324 1531 473 1631 Aegypto
510 1527 555 1593 vir
591 1526 781 1607 ditissimus,
820 1524 947 1595 nomine
982 1524 1200 1619 Syrophanea.

38 1614 130 1684 ⁵Hio
146 1615 258 1684 habuit
270 1613 366 1682 lilium
383 1611 590 1700 umgenitum,
611 1634 706 1701 quem
723 1611 891 1679 immodice
905 1611 1070 1700 diligebat
1112 1612 1204 1680 (lom

63 1703 84 1770 ti
111 1704 135 1768 it
155 1702 251 1768 filium
273 1701 362 1767 mori.
389 1694 690 1791 Ejueaimulacrum
712 1710 804 1787 pater
821 1719 900 1785 prae
912 1698 1008 1765 nimio
1024 1696 1200 1764 dilamionis

64 1727 180 1856 all'eotu
203 1789 234 1852 in
257 1785 390 1853 aedibus
412 1783 477 1850 suia
499 1782 677 1864 eonstituit;
712 1782 851 1871 dumque
880 1784 1026 1851 ttiatitiae
1045 1783 1202 1871 quaesivit

63 1873 254 1949 remedium,
284 1871 483 1938 seminarium
506 1869 610 1957 potius
634 1868 751 1936 doloris
771 1867 902 1936 invenit·
937 1869 1086 1957 Denique
1106 1867 1202 1934 simu-

60 1960 184 2043 lacrum
205 1955 278 2022 illud
302 1958 436 2024 εἴδωλον
464 1955 584 2020 dictum
610 1968 676 2033 ent,
712 1952 800 2042 quod
829 1976 888 2021 noa
909 1953 1027 2021 Latine
1053 1953 1203 2041 speciem

25 2044 199 2127 ¹⁰cloloria
229 2041 371 2108 dicimus.
414 2041 550 2124 Jamque
575 2040 722 2107 universa
748 2039 867 2104 domini
888 2038 1055 2106 familiain
1085 2036 1204 2103 domini

65 2128 276 2195 adulationem
300 2148 434 2192 coronas
464 2116 631 2191 simulacro
661 2124 857 2212 plectebant.
882 2126 989 2202 ,florea
1011 2124 1204 2202 offerebant,

67 2212 274 2278 odoramenta
282 2209 530 2277 succendebant.
541 2210 601 2275 Rei
612 2210 707 2276 etiam
715 2208 1206 2296 adsimulacrumoonlugientea‚

68 2298 189 2364 veniam
212 2321 231 2364 a
256 2296 383 2363 domino
405 2294 513 2382 adepti
543 2308 633 2383 sont,
667 2297 805 2361 venerati
828 2317 869 2361 ue
896 2307 970 2363 sunt
997 2293 1071 2368 illud
1098 2293 1204 2381 magia

68 2383 188 2450 timoris
210 2382 329 2473 aflectu
350 2404 445 2469 quam
466 2381 599 2461 amorim
637 2379 721 2446 unde
749 2395 782 2447 et
803 2318 924 2464 dietum
952 2393 1017 2448 eat:
1056 2379 1207 2444 Prienue

27 2468 108 2532 ibin*
132 2465 210 2532 orda
230 2468 311 2531 cleon
335 2465 429 2554 fecit
452 2465 568 2530 linior.
617 2465 743 2532 Exhinc
769 2466 960 2533 inveteratus
983 2467 1074 2531 'error
1093 2462 1206 2530 huma-

69 2576 127 2618 nus
147 2553 180 2617 in
210 2551 367 2619 idolorum
387 2549 474 2621 nullu
496 2550 614 2638 ubique
645 2551 923 2641 gentiumcoepit
948 2550 1091 2617 diffundi.
1135 2548 1208 2613 Neo

67 2650 174 2705 tamen
207 2637 373 2703 universos‘
400 2634 515 2701 eadem
542 2634 669 2701 involvit
696 2635 833 2714 inscitia,
853 2660 934 2703 ‚neo
963 2635 1092 2703 eosdem
1127 2634 1208 2701 ritua

69 2723 176 2789 cuncti
204 2719 404 2809 recipiendos
444 2730 645 2786 censuerunt.
702 2721 797 2799 Nam:
823 2721 1016 2810 philosophi,
1071 2741 1208 2808 quorum

68 2808 99 2872 in
133 2806 290 2895 plerisque
317 2805 366 2872 vel
396 2804 534 2872 veritatis
565 2806 645 2870 viam
673 2806 720 2871 vel
749 2807 878 2874 rationis
904 2808 1111 2875 assertionem
1144 2819 1210 2873 tra·

27 2891 150 2958 audian
172 2891 363 2972 auctoritas,
395 2912 492 2957 unum
512 2888 622 2957 dieunt
643 2890 738 2956 deum
759 2915 848 2974 esse,
876 2894 955 2959 caeli
977 2904 1010 2959 et
1030 2904 1137 2958 terrae
1158 2912 1210 2955 re-

10 3036 13 3047 .
70 2998 206 3065 rumque
223 2977 362 3045 omnium
382 2974 495 3065 prooul
516 2973 615 3044 dubio
636 2989 824 3045 creatorem.
871 2979 937 3044 flia
965 2990 1070 3046 tamen
1093 2978 1135 3041 ab
1155 2975 1212 3042 iis·

72 3063 146 3128 dem
166 3084 226 3151 pro
249 3061 416 3151 ,multiplici
446 3060 669 3149 dispositione,
710 3085 772 3150 qua
796 3063 929 3130 diversis
959 3062 1061 3130 modis
1085 3061 1212 3149 regitur

71 3147 225 3230 mundus,
253 3148 346 3215 variis
371 3149 447 3215 item
467 3148 627 3213 vocabulis
648 3172 672 3224 ,a
698 3149 838 3233 pellatur.
888 3150 1014 3227 Dicitur
1043 3147 1127 3234 enim
1154 3145 1211 3211 Vi-

36 3284 43 3291 ·
73 3248 219 3313 tumnum
240 3233 327 3320 qnod
347 3234 457 3301 vitam
480 3244 636 3319 praestet3
685 3235 825 3311 eatinus,
847 3233 935 3320 quod
956 3257 1120 3309 sensum..
1138 3232 1212 3297 ,Vo-

30 3329 165 3386 anoatur
184 3321 271 3385 Jovis
291 3320 355 3384 sive
376 3317 523 3405 Juppiter
543 3318 574 3383 in
598 3319 745 3397 aethere,
775 3320 859 3384 Juno
880 3320 911 3384 in
933 3325 1024 3396 aiere,
1053 3317 1161 3383 Diana
1180 3317 1213 3382 in

73 3417 177 3487 terra;
207 3405 369 3491 multaque
395 3414 469 3471 aum
491 3403 550 3468 alia
580 3403 723 3492 ejusdem
746 3401 797 3470 dei
825 3416 985 3492 tamquam
1007 3403 1215 3489 plurimorum

74 3490 236 3557 voeabula.
292 3490 488 3576 Plerumque
512 3500 545 3556 et
574 3510 654 3554 nnus
682 3486 831 3576 idemque
859 3513 921 3555 non
951 3488 1052 3555 solum
1081 3486 1214 3559 diversit

75 3576 252 3643 nominibus
259 3574 352 3658 ,aed
374 3586 407 3645 et
429 3574 513 3641 vario
537 3596 615 3641 sexu
636 3573 751 3642 dieitur
767 3575 860 3666 juxta
880 3575 947 3642 illos
968 3595 1075 3640 versus
1095 3570 1216 3641 Valerii

76 3661 225 3728 Serrani:
253 3667 261 3679 '

32 3766 69 3817 ³⁰
159 3762 325 3852 Juppiter
345 3761 580 3849 omnipotens,
611 3781 726 3826 rernm
748 3771 1124 3851 regumpumrepertor,
1237 3814 1240 3819 .

164 3846 395 3934 Progenitor‚
413 3844 641 3933 genitrixque
663 3843 783 3927 dudm,
803 3848 886 3913 deuo
909 3871 1001 3912 unua
1022 3856 1056 3911 et
1079 3844 1184 3911 idem.

74 3936 171 4015 Unde
193 3959 243 4015 est
265 3958 297 4013 et
317 3943 369 4017 illa
389 3945 475 4013 Jovis
497 3944 616 4013 oratio:

162 4047 371 4123 Caelicolae,
408 4069 484 4112 men
505 4044 689 4129 membro‚·
712 4046 782 4132 dii,
815 4071 897 4138 quoa
919 4058 1039 4114 nostro
1055 4060 1218 4135 pateatne

159 4132 296 4224 Officiis
320 4133 458 4198 diversa
475 4131 582 4218 facit.
682 4140 702 4217 'l
