2616 4658
422 178 606 312 liptlaop
632 180 667 258 1.
727 178 834 263 234.
900 172 901 179 Ν
1140 175 1201 262 75'
1245 210 1247 217 ⁴

332 352 443 443 254.Ι
482 366 667 468 Septem
695 364 941 469 Pleiades„

141 491 291 599 Plrp‘adas
309 509 367 562 s'eu
388 494 425 560 Η
446 492 528 561 adas
545 492 730 562 metellus
749 493 922 584 appellatae
939 492 1092 563 novimus.
1121 494 1197 563 Plo·

51 577 148 672 jades
169 580 285 662 motae,
307 577 395 669 quod
416 518 478 648 ill
497 579 582 646 filiae
604 601 643 645 ex
664 579 787 660 Plione,
808 602 891 669 quae
902 591 935 648 et
944 580 1051 660 Ethia,
1071 581 1195 648 Oceani

57 667 140 746 filia,
162 679 195 734 et
214 666 339 733 Atlante
359 665 422 734 sint
443 675 548 732 naue.
588 664 664 731 Hae
694 685 826 732 numero
848 665 919 764 vll,
937 664 1102 749 dicuntum
1129 667 1189 749 sed
1249 680 1251 685 ’

56 750 1086 905 ffttffltltrlilltultltlutltutltnullu
1101 752 1217 903 ’ἰὲῗὲὅ
1295 846 1297 851 -

57 920 145 988 duae
167 944 239 990 cum
260 921 430 1011 Neptuno,
450 943 607 989 unacum
628 920 752 1002 Μανιος
779 921 837 988 reli
860 887 900 989 ui
921 934 1047 1003 autem,
1068 887 1196 1013 Sisyphi

54 1029 140 1074 uxor
158 1007 402 1076 demonstratur.
441 1008 585 1084 Quarum
596 1028 638 1073 ex
650 1006 781 1075 Electra
795 944 918 1075 etiove
929 1006 1135 1090 Dardanum
1155 1031 1196 1075 ex

13 1153 24 1169 ,
55 1092 145 1179 Maia
162 1093 377 1172 Mercurium,
399 1116 439 1160 ex
457 1093 531 1183 'l'ay
557 1103 609 1160 ete
624 1090 872 1160 Lacedaemone
918 1104 1107 1161 rocrectum.
1142 1092 1195 1161 Ex

55 1177 198 1267 Alcyone
206 1190 320 1246 ‘autem
329 1178 520 1268 etNeptuno
566 1115 1015 1268 yrica;.ex0elaeuoi:youm
1029 1178 1102 1247 etN
1124 1188 1238 1270 etpalo

55 1273 178 1330 natum.
197 1265 333 1332 Martem
346 1264 857 1352 autemexSteropeOenomaum
869 1286 1065 1353 procreasse.
1122 1285 1194 1329 ero·
1215 1272 1219 1285 ’

56 1360 291 1438 peamautem,
312 1349 451 1439 Sisypho
471 1361 613 1439 nuptam,
628 1348 786 1435 Glaucum
806 1351 968 1439 genuisse,
989 1373 1085 1439 quem
1106 1354 1195 1416 corn-

56 1433 167 1524 plures
195 1434 448 1524 Bellerophontis
478 1448 602 1526 petrem
629 1430 788 1502 dixerunt
827 1436 939 1510 Quare
966 1449 1097 1525 propter
1122 1434 1195 1501 reli-

57 1541 140 1606 quas
161 1542 294 1588 sorores·
317 1521 386 1612 ejus
406 1522 489 1590 inter
508 1519 614 1590 uidua
633 1521 857 1604 constitutam
885 1519 943 1590 red
972 1522 1046 1608 quia
1074 1521 1193 1588 homini

56 1605 220 1696 nupserit,
240 1603 360 1673 stellam
382 1605 450 1674 e'ns
469 1608 681 1677 obscuratam.
722 1607 780 1675 Alii
801 1605 925 1687 dicunt,
946 1605 1108 1675 Electram
1130 1628 1238 1680 nonlo

56 1690 209 1779 parere,
228 1703 360 1782 propter
380 1631 514 1782 'irajam
534 1703 678 1782 captam,
710 1704 744 1760 et
763 1694 951 1781 progeniem
972 1715 1080 1773 suam,
1112 1714 1196 1778 quae

60 1798 101 1841 ex
129 1775 285 1844 Dardano
313 1787 400 1857 erat,
432 1778 666 1846 lamentantem.
707 1778 769 1844 Est
796 1789 828 1845 et
848 1778 909 1844 alie
928 1800 1038 1844 earum
1058 1778 1196 1845 traditio.

59 1861 169 1936 Quum
198 1863 260 1931 VII
279 1861 343 1929 hae
369 1883 497 1930 sorores
522 1864 583 1930 iter
603 1884 677 1928 curn
696 1860 807 1950 puellis
828 1875 980 1948 agerent,
1008 1863 1109 1933 Orion
1139 1886 1195 1928 oo-

59 1958 155 2014 uatus
176 1958 226 2015 est
243 1947 300 2013 uni
321 1968 431 2014 earum
448 1947 670 2027 vim-interm
699 1959 734 2014 at
752 1944 804 2012 illa
825 1969 898 2013 cum
919 1947 1081 2013 sororibus
1102 1948 1207 2033 sugit·

30 2066 32 2071 ·
59 2034 185 2099 Oriona
211 2044 319 2100 nutem
345 2043 490 2100 secutum
519 2055 590 2098 eam
618 2031 708 2098 unns
731 2028 814 2110 XII,
845 2053 952 2121 neque
977 2034 1116 2099 invenire
1135 2056 1238 2120 po-or)

58 2117 170 2185 tuisse.
212 2118 325 2186 Jovem
353 2132 477 2200 autem,
504 2117 680 2206 puellarum
701 2115 891 2198 misertum,
905 2117 989 2184 iuter
1011 2130 1096 2184 astra
1118 2140 1194 2183 oon-

16 2250 20 2257 .
58 2204 199 2271 seruisse
225 2212 388 2292 utrosque.
429 2204 543 2298 ltaque
567 2202 675 2273 adhuc
692 2202 799 2307 Oriou
818 2200 979 2295 fugientes
1000 2226 1056 2273 aaa
1076 2201 1119 2376 ap
1137 2210 1195 2275 oo-

57 2300 169 2359 casum
185 2288 276 2382 sequi
296 2287 428 2374 ridetur.
516 2336 518 2347 .
