2632 4658
77 163 135 248 llll
373 162 558 270 ntyuogr.
583 163 622 251 l,
671 164 746 245 131
761 206 813 228 -··
827 161 929 256 1532'.

77 361 116 423 ut
140 373 206 420 uno
234 350 431 419 intuerentur
459 347 563 419 oeulo.
614 349 763 423 Fuemnt
789 360 897 422 autem
925 349 1207 441 loeupletissiruseg
1227 349 1258 434 Ἰ

77 436 166 506 uude
187 447 220 505 et
240 439 494 524 Gorgones,
510 435 601 522 quasi
624 437 829 524 georgioae,
856 436 891 505 id
911 450 962 509 est
981 437 1073 525 quasi
1094 445 1208 505 terroe
1253 478 1258 520 Ι

78 523 260 590 cultrices:
313 520 446 607 danim
467 522 613 596 Graece,
642 520 758 599 Latino
786 533 902 604 terrag
926 524 1070 625 γεωργία
1095 521 1208 596 dieitur
1254 565 1258 603 ,

79 607 233 674 cultura.
318 617 410 674 ortuo
432 618 538 694 patre,
565 603 701 672 Medusa
721 606 821 696 major
842 608 904 675 filia
926 630 958 674 m
979 629 1118 694 reguum
1138 628 1208 675 sue-
1255 650 1258 713 J

54 692 194 767 acessit,
222 714 317 779 quam
338 692 494 773 Perseus,
522 713 579 759 rex
600 692 709 772 Asiae,
730 692 906 775 interfecit,
933 704 966 762 et
985 693 1053 782 ejus
1074 714 1210 780 reguum
1256 734 1258 775 ι

78 776 217 844 abstulit.
259 775 383 844 Veritas
404 789 509 844 tamen
530 778 594 843 hoo
614 777 712 843 modo
732 800 768 844 se
788 777 894 846 habet
936 780 1077 865 Gorgon
1094 778 1224 843 terror*

75 862 320 949 interpretatur,
348 862 470 946 Stheuo
487 860 678 947 debilitas,
708 861 849 953 Euryale
874 864 952 929 lato
972 859 1212 950 profunditas,

77 945 215 1014 Medusa
240 948 397 1013 amentio
420 947 467 1014 vel
491 945 627 1011 oblivio.
669 947 764 1014 Haeo
787 961 893 1016 autem
920 948 1027 1015 omnia
1053 947 1086 1014 iu
1111 945 1211 1011 homi-

78 1032 172 1098 uibus
199 1043 353 1099 terrorem
379 1042 561 1122 operantur.
604 1031 744 1099 Perseus
774 1047 880 1101 autem
904 1031 936 1099 iu
962 1036 1069 1120 ligura
1089 1031 1209 1099 virtutis

36 1117 216 1206 lopouitur,
238 1116 292 1206 qui
302 1118 491 1206 Gorgonem
510 1115 623 1184 auxilio
636 1117 799 1184 Minervae
818 1118 993 1200 interfecta
1022 1118 1097 1206 quia
1114 1117 1210 1185 virtus

78 1203 254 1291 sapientiae
267 1224 376 1269 omnes
391 1203 486 1270 vineit
500 1215 647 1271 terrores.
689 1202 742 1269 De
757 1205 914 1291 sanguiue
929 1215 1036 1275 nutem
1046 1202 1227 1290 Gorgonis‘

76 1299 172 1357 uatus
186 1299 235 1357 est
246 1287 406 1374 Pegasus,
427 1288 481 1376 qui
488 1285 597 1374 fama
611 1286 852 1377 interpretatum
874 1300 907 1357 et
921 1287 1005 1379 pede
1018 1310 1078 1355 suo
1092 1288 1211 1357 sontem

78 1371 239 1442 cossatae
253 1372 318 1441 sive
331 1372 514 1460 Pegaseum
531 1370 696 1460 produxit3
717 1376 792 1462 quia
807 1375 915 1455 virtus,
929 1374 1035 1442 omnia
1046 1394 1211 1461 superans,
1255 1388 1258 1400 ·

76 1458 197 1524 bonam
218 1457 276 1524 sibi
302 1459 437 1547 aequirit
457 1458 582 1525 lamam.
625 1458 809 1546 Finguntur
829 1473 937 1535 autem
959 1464 1076 1549 poitae
1096 1456 1142 1525 de
1163 1456 1212 1527 illu
1254 1424 1258 1559 l

13 1561 73 1623 ,15
101 1555 192 1610 otare
213 1543 318 1623 sonte,
353 1543 428 1633 quia
454 1543 588 1633 politicis
614 1544 775 1630 figmentis
803 1546 938 1612 maxime
967 1545 1052 1611 lama
1079 1541 1212 1632 juvatur.
1256 1562 1258 1583 ¹

12 1632 51 1641 ”
112 1628 264 1700 otaudum
285 1638 336 1698 est
359 1652 451 1711 vero,
479 1628 567 1718 quod
587 1628 738 1716 Pegasus
762 1654 863 1720 equus
886 1631 945 1699 tuit
965 1629 1158 1722 Neptuni
1255 1680 1258 1691 .

378 1792 469 1874 151.Ι
522 1795 710 1872 Medusa
745 1795 911 1901 Gorgo.
999 1885 1003 1896 ³

164 1921 303 1994 Medusa
323 1923 440 2013 Gorgo
467 1946 563 2012 quum
584 1937 717 2030 propter
743 1923 1005 2014 pulchritudinem
1027 1948 1048 1994 a
1072 1924 1211 2015 pluribus

79 2018 261 2101 peteretur,
298 2011 484 2102 eonjuvium
504 2010 655 2097 ¹Neptuni
682 2012 828 2098 effugere
857 2035 920 2079 nou
949 2012 1064 2099 potuit.
1121 2013 1213 2088 Quae

37 2097 230 2186 20quonium
256 2096 287 2162 iu
315 2064 434 2187 templo
462 2096 626 2162 Minervae
655 2120 727 2163 oum
756 2121 796 2163 eo
825 2117 894 2165 rem
921 2095 1048 2176 habuit,
1081 2111 1212 2186 propter

81 2180 269 2269 religionem
296 2177 376 2264 looi,
406 2203 501 2268 quem
529 2181 718 2270 inquinavit,
750 2183 855 2249 orines
879 2181 948 2272 ejus
975 2184 1016 2248 ab
1040 2181 1156 2249 eadem
1183 2183 1212 2249 iu

82 2279 247 2354 serpentes
280 2277 355 2335 suut
383 2266 513 2348 mutati,
555 2278 610 2347 ut,
649 2289 747 2356 quum
780 2268 880 2356 petita
911 2268 945 2333 iu
977 2267 1165 2359 eonjugium
1195 2288 1214 2333 a

81 2351 224 2443 pluribus
251 2351 358 2440 pronis
386 2362 488 2433 esset,
515 2350 643 2442 objecta
663 2352 882 2434 deformitate,
912 2351 1021 2421 obuios
1047 2354 1080 2420 iu
1101 2352 1213 2443 lugam

80 2447 229 2507 verteret.

38 2579 77 2677 25
344 2604 347 2610 ·
399 2573 492 2651 l52.
545 2580 661 2652 'l'res
695 2575 895 2685 Gratiae.

127 2662 145 2688 ²
167 2703 315 2793 Juppiter
335 2713 400 2771 tres
422 2702 501 2769 lilios
522 2702 672 2772 habuisse
689 2705 719 2771 le
744 2705 807 2772 itur
825 2730 898 2774 eum
912 2706 1055 2787 Junone,
1080 2672 1214 2771 famulas

82 2787 238 2872 Veneris3
271 2810 405 2877 quarum
434 2790 560 2856 nomina
587 2802 677 2857 sunt:
709 2727 877 2873 destrues,
906 2790 1035 2879 Aglaie,
1065 2789 1215 2878 Euphro·
1257 2862 1258 2866 ,

27 2889 35 2897 ’
82 2898 171 3029 gyne.
222 2875 268 2944 Et
295 2875 370 2965 quia
398 2873 533 2953 blandae
560 2887 652 2945 eraut
679 2886 713 2944 et
732 2879 842 2961 mites,
871 2876 946 2944 ideo
962 2875 1097 2943 Gratiae
1121 2897 1214 2943 voea-

108 2983 150 3028 an
164 2981 210 3028 ur.

42 3140 82 3191 so
137 3144 143 3167 ·
258 3114 351 3192 155.
404 3121 670 3196 Lemniades
702 3131 744 3194 et
776 3118 1043 3221 Hypsipyle.

169 3246 363 3315 Lemniades
396 3270 492 3334 quum
525 3247 584 3315 diis
618 3249 779 3315 olunibus·
795 3246 936 3314 decimas
969 3235 1098 3332 frugum
1127 3240 1216 3331 annis

85 3334 220 3423 singulis
251 3333 428 3411 solverent,
468 3332 567 3399 solam
603 3335 761 3409 Venerem
801 3328 1127 3419 praetermittendam·
1145 3351 1217 3413 esse

86 3421 242 3488 dixerunt.
291 3421 384 3496 Quae
410 3419 490 3486 irata
520 3420 568 3487 his
598 3416 731 3485 odorem
759 3417 884 3484 immisit
911 3415 1075 3483 hircinum.
1126 3414 1216 3490 Quas

86 3506 190 3575 mariti
211 3517 443 3587 exsecrantes,
462 3505 589 3572 deserta
611 3505 733 3571 Lemno
755 3501 829 3570 odio
851 3503 1042 3594 conjugum,
1068 3498 1218 3567 'l'hraeas

44 3594 280 3682 anpetiverunt,
321 3597 495 3679 eorumque
514 3591 605 3679 ¹filias
639 3590 698 3658 sibi
715 3590 871 3671 ¹ascivere
904 3588 1063 3679 ooujugio.
1120 3581 1219 3659 Quod

87 3678 142 3747 ubi
162 3678 388 3752 Lemniadibus
411 3689 608 3766 compertum
630 3688 695 3757 est,
716 3676 894 3744 stimulante
909 3676 1052 3754 Venere,
1073 3671 1106 3737 iu
1124 3694 1220 3736 omne

87 3757 299 3852 genus‘virile
320 3764 501 3853 conjurant,
528 3775 704 3832 remeantes
729 3786 768 3828 ue
790 3786 828 3829 ex
845 3760 984 3828 Thracia
1005 3761 1089 3825 viros
1110 3780 1220 3823 omnes

87 3852 322 3918 interemerunt.
363 3851 452 3917 Inter
496 3860 552 3916 uas'
573 3786 750 3939 Hypsipjlle
775 3847 859 3936 patri
881 3846 1023 3912 Thoanti
1050 3843 1118 3910 sola
1145 3845 1220 3909 sub·

90 3937 193 4016 verrit,
234 3947 269 4001 ut
297 3936 327 4000 ei
356 3957 418 4001 uon
448 3873 548 4002 sdlum
578 3946 742 4022 paruerat,
778 3955 889 3999 verum
916 3932 1011 3999 etiam
1044 3929 1221 4016 lugientem

46 4042 185 4111 soprose
207 4030 337 4087 ueretur
357 4020 399 4086 ad
414 4018 504 4088 litus.
546 4019 803 4114 Tunes-Thoanti
823 4019 924 4086 Liber
949 4016 1103 4093 occurrit,
1132 4036 1221 4080 eum-

90 4131 153 4196 que
167 4045 209 4173 ad
222 4107 354 4173 insulam
370 4106 474 4173 Chion
490 4128 644 4194 prospera
660 4105 861 4189 navigatione
876 4101 1039 4191 perduxit..
1075 4101 1222 4167 Lemnon

88 4197 294 4283 Argonautae
320 4201 489 4275 venerunt,
519 4214 601 4281 quos
622 4191 814 4287 Lemniades
842 4187 1222 4279 hospitiosusoipieutes,
