2616 4658
295 130 477 234 nynrop.
508 128 580 203 ιιι.
635 125 676 201 a.
737 100 881 201 r÷n
1026 125 1156 219 ‘rer
1284 110 1286 114 ’

25 318 72 383 las
103 315 192 405 prius
226 310 389 391 riderent,
439 331 501 377 uec
542 308 629 398 prins
673 318 742 375 eas·
766 308 906 387 extitisse
947 306 1158 380 crediderant

24 404 135 477 Quum
165 414 270 469 tamen
308 393 450 464 Arcades
478 395 520 461 de
552 394 737 482 antiquitate
764 416 837 461 cum
871 395 1057 485 Phrygibus
1087 419 1159 462 cer-

23 500 149 564 tarent,
204 481 348 573 singulos
389 481 537 570 parrulos
578 486 650 546 oum
686 470 819 566 siugulis
856 481 1057 566 nutricibus,
1080 484 1158 570 ,qui-
1245 528 1248 535 -

24 575 88 639 bus
110 572 234 656 linguas
266 568 467 643 ademerant,
499 562 696 645 clauserunt,
728 577 765 631 ut
784 568 1021 653 experirentur,
1053 579 1158 637 utrum

23 682 88 725 vox
110 670 184 723 nata
205 666 323 730 esset,
342 676 383 719 an
404 652 601 729 discereturr
633 662 666 717 et
694 648 720 715 si
741 662 826 717 esset
844 652 968 731 innata,
1001 675 1217 741 quaenamn,x

25 754 132 822 esset,
160 741 331 829 Phrygum
359 735 592 806 an.Arcadum.
626 732 806 802 -Prodncti
832 759 910 802 vero
942 739 1033 825 pueri
1062 733 1161 824 βεκός
1205 751 1207 755 ’
1237 780 1240 785 <

24 830 126 895 locuti
161 842 234 893 esse
267 825 435 903 dicuutur,
480 844 545 910 qna
579 821 813 906 significatione
843 821 1013 910 Phrygum
1051 822 1161 908 hugon

21 913 135 1002 panis
155 910 350 999 intelligitur.
391 908 447 974 Sic
468 928 550 994 ergo
572 907 736 991 cognitum
759 918 824 986 est,
843 908 984 974 Arcades
1005 931 1067 972 non
1090 931 1162 975 esse

27 997 236 1087 primigenas.
277 990 375 1069 Quod
396 1005 502 1061 autem
523 994 666 1059 Arcades
688 991 806 1058 nobiles
826 990 902 1058 dieti
923 1004 1013 1072 sunt,
1035 993 1160 1059 aliunde
1256 1017 1263 1023 ·

23 1095 165 1151 tractum
196 1092 254 1148 est.
295 1078 412 1145 Refert
455 1077 539 1143 enim
570 1075 779 1164 Thucydides
813 1075 895 1142 libro
921 1080 1041 1166 primo,
1073 1081 1159 1146 hunc
1168 1103 1203 1150 ιο

25 1191 152 1237 morem
174 1164 310 1233 Graecis
332 1163 449 1242 fnisse,
481 1175 518 1229 ut
539 1163 643 1229 coacti
663 1165 701 1227 in·
716 1160 833 1229 alienas
853 1163 902 1228 ire
921 1168 1046 1243 terras,
1080 1186 1159 1252 qnos

26 1253 150 1320 fertiles
171 1273 243 1317 esse
264 1272 304 1316 co
352 1258 501 1326 overent,
531 1246 660 1315 easdem
682 1248 842 1314 veteribus
862 1247 1160 1317 incolui-restarent

26 1339 99 1405 Sed
117 1336 256 1403 Arcades
278 1336 337 1402 soi
358 1336 403 1405 oh
425 1333 620 1401 sterilitatem
644 1354 798 1418 agrorum
819 1334 1055 1403 commotione
1075 1345 1161 1416 suut,

27 1435 62 1492 et
86 1422 180 1503 ideo,
208 1422 326 1512 inquit,
364 1420 491 1487 nohiles-
507 1420 748 1487 existimantur..
803 1440 806 1447 ’
859 1466 864 1475 .
978 1436 984 1451 ··

121 1566 125 1575 ’
186 1564 237 1639 ’.
308 1534 318 1563 ⁸
363 1534 774 1670 „2...C',nh'.ele.
822 1634 836 1653 ..
875 1534 951 1660 ‚³⁰ss'
1183 1538 1195 1549 Ἰ

113 1689 143 1754 1.
185 1686 276 1754 Uxor
309 1685 449 1753 saturno
495 1699 597 1754 mater
638 1687 772 1754 deorum
802 1686 1013 1773 decernite&
1028 1708 1040 1731 ²·
1063 1688 1203 1767 Hancne

32 1773 152 1839 Gracci
175 1771 321 1850 Rhesus,
342 1771 390 1837 vd
408 1772 671 1858 Berecynthiam,
692 1773 741 1837 vel
761 1773 935 1860 Gyhelom3
960 1770 1066 1839 Latini
1087 1796 1162 1839 vero

29 1860 136 1946 Opem
168 1855 334 1943 appellant.
387 1856 457 2002 Ops
486 1857 601 1940 igitur,
639 1871 682 1922 ut
705 1858 840 1921 innuere
856 1856 991 1923 -ridet'ur
1020 1858 1162 1935 Servius,
1276 1914 1280 1920 .

26 1943 115 2009 idem
137 1940 268 2014 batiae,
297 1937 385 2025 quod
440 1960 535 2004 raeee
556 1941 651 2007 Rhea
673 1953 773 2007 sonat.
811 1943 901 2006 -Hoc
920 1950 1026 2008 nutetn
1043 1958 1163 2011 nomen

27 2051 72 2093 ex
102 2047 160 2104 eo,
202 2035 241 2090 ut
265 2024 310 2089 ait
336 2022 546 2109 Fulgentius,
574 2027 692 2093 ¹sortita
722 2037 791 2106 est,
834 2024 933 2112 qnod
952 2027 1162 2093 esurientibus
1188 2052 1193 2061 ‘

30 2114 165 2196 frugum
195 2107 365 2210 largitione
392 2108 544 2197 opitulata
575 2123 635 2177 est.
692 2111 1058 2200 Berecynthiam‘rero
1069 2113 1204 2203 jurtnno

29 2196 172 2264 eundem
193 2192 256 2260 dior
277 2192 441 2260 voluerunt
461 2196 550 2281 quasi
574 2195 954 2275 montr'amdomincm.
975 2196 1076 2263 ''ldeo
1095 2222 1162 2263 ma-

27 2295 113 2351 trem
135 2280 285 2356 deorum,
321 2277 409 2365 qnod
432 2279 476 2344 dii
498 2303 556 2368 per
583 2281 762 2368 superbiam
784 2280 859 2346 dicti
880 2291 970 2362 sunt3
1002 2296 1034 2348 et
1054 2306 1110 2349 eos
1131 2284 1162 2348 in

29 2368 169 2457 Olympo
203 2365 347 2431 habitare
384 2365 484 2450 quasi.
507 2367 650 2433 excelsos
683 2388 723 2430 ac
757 2367 933 2454 superbos,
980 2367 1164 2435 Daemones

28 2452 152 2531 dictos,
189 2451 277 2538 qnod
305 2447 420 2516 multos
449 2452 616 2541 subigere,
654 2462 686 2518 et
715 2450 774 2517 soli
801 2452 1062 2553 sopen'populos
1090 2476 1164 2521 esse

28 2537 230 2607 studuerunt·
281 2532 366 2599 Nem
393 2536 501 2622 δῆμος
527 2535 696 2623 popalus,
735 2536 783 2611 εἷς
813 2558 905 2600 anne
927 2548 1205 2627 interpretaturus

27 2622 112 2692 Ideo
138 2633 170 2689 et
191 2619 276 2711 apud
298 2620 481 2697 Romanos,
515 2621 636 2707 inquit,
667 2619 827 2707 indigetes
855 2622 944 2709 quasi
972 2624 1082 2687 nullis
1103 2625 1164 2688 in-

26 2709 190 2795 digenter
220 2703 425 2795 appellantur.
466 2705 636 2792 Remigius
664 2717 771 2772 tamen
809 2703 884 2772 alias
916 2708 1019 2794 ponit-
1032 2708 1163 2774 daemo-

29 2815 109 2858 num
129 2790 411 2881 interpretationes.
453 2789 637 2874 Daemones
658 2794 757 2868 enim,
786 2789 904 2880 inquit,
939 2792 1022 2860 dioti-
1039 2807 1116 2862 sunt
1143 2818 1164 2861 a

29 2878 222 2965 δημοῦχος,
246 2875 280 2942 id
302 2886 354 2942 est
375 2875 621 2964 aprincipota
645 2877 789 2965 popula}
818 2876 867 2942 rel
894 2875 1086 2959 daemones,
1114 2879 1164 2944 in·

29 2961 119 3051 quit,
152 2961 228 3028 dicti
248 2960 337 3052 qussi
359 2959 541 3043 diamoues,
574 2960 678 3029 idest
706 2959 826 3026 omnic
854 2961 1024 3041 scienter,
1049 2977 1205 3051 utpoteso

28 3045 133 3114 nuntii
160 3045 230 3126 dei,
268 3068 350 3136 quoe
381 3045 487 3111 Latini
507 3046 730 3111 aradioximor
761 3044 967 3124 vocitarunt,¹
990 3047 1023 3114 id
1037 3092 1040 3097 -
1053 3061 1111 3116 est
1124 3051 1163 3112 in

26 3131 145 3200 mettio
156 3131 297 3217 positos.
337 3129 556 3199 Medioxemas
567 3131 651 3196 enim
665 3129 779 3197 dicitur
794 3131 886 3219 qnasi
898 3131 1033 3198 medius
1042 3133 1165 3223 proxi·
1272 3181 1276 3185 -

26 3237 130 3295 mns3
167 3217 248 3281 inter
267 3214 373 3282 ‘deum
408 3238 545 3303 namque
576 3214 798 3304 hominemque
829 3216 1019 3285 discurrunt
1080 3220 1164 3285 Sunt

26 3301 117 3368 enim
139 3302 265 3368 unauna
283 3300 386 3389 eliqua
403 3312 523 3368 tantum
545 3301 710 3382 caelestia,
735 3300 839 3388 aliqua
852 3313 974 3369 tanturn
991 3304 1163 3382 terrestria,

25 3387 138 3473 aliqua
154 3382 269 3462 modia,
297 3384 612 3473 'uosdeosApolejus
629 3387 836 3454 medioximos
856 3398 959 3452 vocat.
989 3388 1035 3453 Hi
1055 3399 1204 3458 automno

24 3482 125 3549 sunt,
141 3474 145 3485 '
162 3481 200 3536 ut
227 3471 271 3536 ait
321 3470 440 3550 errius,
478 3472 535 3558 qni
560 3494 600 3537 ex
630 3471 808 3537 hominibus
837 3468 879 3536 dii
903 3470 980 3537 lacti
1000 3483 1089 3552 sunt,
1121 3474 1164 3538 de

26 3552 213 3648 cujusmodi
231 3554 357 3621 numine
379 3554 544 3705 Virgilium
577 3555 693 3622 dixisse
721 3556 844 3625 nolunt:
880 3555 1098 3621 Communem
1120 3581 1165 3622 ne

23 3651 150 3709 vocate
181 3639 300 3720 deum,
334 3640 426 3705 Herc
458 3663 521 3707 em
539 3640 685 3709 videlicet
721 3639 765 3706 de
794 3639 922 3706 homine
957 3580 1164 3711 immortalem

28 3728 162 3805 lactum.
205 3723 273 3791 Sed
294 3723 337 3791 de
358 3724 404 3791 his
424 3725 506 3792 alihi.
998 3776 1000 3781 -

114 3808 147 3877 R
187 3810 432 3901 Berecynthiam
453 3812 548 3878 etiam
564 3809 698 3888 Graeci,
726 3818 764 3876 ut
779 3808 810 3874 in
828 3807 990 3895 Fulgentii
1010 3808 1205 3899 dogmateno

30 3895 150 3962 diutius
170 3917 341 3976 versemur,
363 3893 570 3984 quasiverui
591 3888 722 3969 κύνθος
743 3893 905 3976 dixer·ont;
926 3889 1058 3973 scindor
1079 3900 1164 3985 eninr

29 3981 141 4065 lingua
167 3981 270 4047 Attica
292 3980 364 4070 flos
391 3990 603 4068 nuncupetur.
660 3976 756 4046 Unde
786 3990 819 4047 et
845 3973 1019 4054 ὑάκινθος
1049 3980 1164 4050 dicitur
1270 4024 1274 4033 ·

31 4065 124 4154 quasi
151 4059 213 4141 dole
237 4059 369 4141 advehor
396 4063 501 4131 idest
524 4063 617 4127 solas
637 4062 726 4154 flos,
757 4056 902 4131 addicet
923 4066 1068 4135 omnibus
1090 4091 1164 4173 per-

28 4152 156 4219 fectior.
196 4151 356 4240 Accipitur
384 4160 492 4217 antem
521 4148 738 4238 Berecynthia
763 4150 796 4218 in
825 4152 955 4219 modum
985 4165 1166 4241 poteuuaeg
1271 4159 1273 4164 ’
