2632 4658
140 145 226 226 25⁴
340 240 348 267 ὦ
406 143 590 247 Mptbopr.
623 147 695 220 111.
750 116 815 221 13.
868 146 1017 223 5.-6.
1151 88 1157 95 ¹

228 329 337 397 Nunc
357 328 424 397 dan
443 327 601 418 linigera
629 331 759 398 colitur
777 330 1001 404 celeberrimo
1024 332 1145 403 omnm
1313 362 1314 387 ¹

142 418 189 488 Et
209 416 291 483 libro
313 415 357 484 de
374 414 484 488 Fastis
513 416 575 483 ait:
959 442 963 453 ¹
1056 482 1059 489 ,
1223 478 1227 484 ,
1311 434 1314 479 ι

235 499 276 568 V
271 524 356 568 acca
375 501 425 566 sit
444 522 492 563 an
515 510 653 578 taurus,
674 523 742 566 non
764 514 816 566 est
831 526 1034 593 cognoscere
1053 514 1257 593 promptum
1262 530 1274 584 ς
1309 501 1314 562 1

145 587 223 678 quia
242 587 330 675 prior
352 607 426 675 pars
446 578 588 664 ridetdr,
618 587 775 671 posterior
795 611 957 658 veronen
977 590 1111 660 ridetur.
1136 591 1272 655 'Secun-
1309 609 1314 649 ι

125 678 231 761 adnm
250 670 413 761 physicam
433 669 483 738 soi
503 668 621 738 dicitur
642 693 714 736 esse
732 670 765 736 in
785 672 911 755 Tauro,
934 676 1009 764 quia
1028 688 1107 743 tnnc
1126 672 1272 763 incipiunt
1308 696 1314 736 ι

143 760 285 835 labores,
300 757 402 833 tuuri3
441 753 489 819 rei
515 754 590 842 quia
610 754 693 822 sicut
726 766 837 827 taurus
858 782 918 849 per
938 780 1062 829 sorana
1083 758 1199 829 fortior
1219 774 1270 841 cst,
1310 780 1314 820 ι

144 845 190 914 ita
211 841 259 910 soi
280 853 357 911 tuuc
377 839 486 928 incipit
506 861 578 907 esse
599 839 798 910 serventium·
1222 872 1226 879 ·
1258 880 1261 887 ·
1310 896 1314 906 .

159 974 163 983 =
230 928 265 994 3.
306 927 454 1016 Jupiter
484 926 657 998 concubuit
693 948 765 993 cum
788 927 884 996 Leda
904 930 936 995 in
956 929 1067 1022 specie
1088 929 1205 1019 cygni,
1237 952 1268 997 es

146 1036 211 1103 qua
231 1014 345 1099 genuit
363 949 429 1079 dno
450 1033 529 1092 ora3
564 1023 654 1079 etex
684 1034 748 1078 nno
769 1024 864 1080 natae
897 1026 972 1081 sunt
1000 1014 1128 1081 Helene
1149 1026 1183 1082 e't
1202 1014 1268 1105 015-

105 1110 337 1178 1⁰temnestra,
357 1122 397 1166 ex
417 1095 478 1164 alio
499 1096 564 1187 nati
584 1109 657 1187 sunit
680 1096 791 1164 Pollux
812 1110 846 1166 et
866 1100 1005 1180 Castor,
1025 1100 1080 1189 qui
1101 1098 1269 1188 peritissimi

146 1199 181 1252 et
199 1183 378 1273 probissimi
411 1184 620 1284 imperatores
648 1184 778 1250 t'uernnt
797 1182 840 1259 ‚in
866 1184 1014 1251 Graecia.
1067 1184 1162 1253 Duas
1182 1186 1269 1252 etiam

145 1271 226 1338 filias
247 1269 364 1357 Zet'ypi
383 1266 511 1348 rustici,
534 1267 702 1334 Pboeben
722 1267 843 1338 scilicet-
863 1281 896 1337 et
915 1268 1109 1337 Mnilisenam
1133 1270 1163 1337 vi
1183 1290 1269 1373 oepe-

56 1388 59 1395 ,
145 1368 223 1424 runt
239 1354 319 1423 ldae
339 1366 373 1422 et
393 1349 521 1421 Sicidae
543 1352 691 1421 fratribus
711 1364 855 1441 tempore
884 1355 1084 1444 nuptiarum3
1117 1378 1200 1445 quas
1219 1355 1270 1445 rpsi

146 1440 223 1510 Idus
245 1452 278 1508 et
296 1438 421 1506 Sicidas
444 1437 548 1513 eidem
570 1439 653 1526 Zety
676 1462 697 1504 o
718 1453 898 1526 rapuerant.
948 1439 1034 1508 Inde
1055 1452 1128 1507 orta
1157 1439 1269 1507 discor·
1297 1430 1314 1476 '¹

106 1526 203 1592 mdia
222 1526 305 1593 inter
326 1548 400 1605 eos,
420 1535 564 1590 mortuus
586 1462 730 1592 est-<idas
751 1536 977 1613 etperoussus
997 1535 1047 1593 est
1064 1526 1202 1604 Castor,
1223 1527 1270 1613 qni

148 1633 247 1700 quum
271 1620 357 1676 esset
385 1608 542 1688 mortalis,
581 1609 684 1698 periit.
738 1609 868 1677 Interea
906 1633 1004 1699 quum
1033 1609 1132 1680 frater
1163 1608 1269 1679 Poiins

148 1711 235 1764 esset
253 1694 454 1775 immortalis,
489 1703 522 1761 at
544 1693 648 1761 inilia
679 1692 800 1761 idcirco
829 1697 897 1763 rixa
925 1718 989 1761 non
1015 1707 1101 1763 esset
1122 1708 1271 1779 mortuns,
1313 1717 1315 1756 :

147 1784 291 1855 fraterna
310 1780 429 1868 pietate
446 1778 573 1864 rogarit
596 1778 708 1845 Josem
728 1791 854 1869 patrem
876 1804 988 1863 sunm,
1017 1791 1054 1847 ut
1074 1795 1187 1871 posset
1208 1804 1271 1871 par·

147 1866 199 1935 tiri
220 1867 322 1939 sitnm¹
338 1887 411 1932 cum
431 1865 618 1933 fratresuo.
672 1866 810 1955 Exque
838 1865 959 1933 alterna
985 1866 1121 1933 statione
1154 1888 1273 1957 semper
1313 1900 1314 1906 ¹

105 1951 182 2027 2⁰in
204 1952 293 2020 eaelo
310 1972 393 2018 unus
414 1959 549 2038 apparet
568 1949 600 2016 in
623 1972 686 2017 nna
705 1964 817 2038 parte,
844 1950 925 2018 alter
945 1954 977 2018 in
999 1950 1077 2034 alia;
1106 1944 1155 2019 rel
1172 1964 1212 2025 ut
1230 1952 1274 2019 sn

149 2038 276 2116 dicunt,
298 2058 380 2104 nnus
402 2045 466 2111 stat
487 2035 519 2101 in
541 2033 651 2117 eaelo,
679 2036 758 2103 alter
780 2036 937 2123 mergitur
956 2037 989 2103 in
1012 2058 1181 2107 oceanum.
1225 2036 1274 2105 sn

148 2124 267 2192 dicitur
289 2124 321 2188 iu
342 2121 495 2201 Geminis,
537 2121 589 2186 uia
608 2121 639 2185 in
662 2120 803 2209 quolibet
823 2121 850 2187 si
876 2144 989 2189 norum
1003 2120 1051 2191 sol
1070 2131 1137 2192 stat
1157 2134 1274 2193 tantum

147 2230 209 2299 per
230 2207 328 2275 XXX
348 2206 435 2289 dies,
467 2206 501 2271 in
556 2206 665 2273 eminis
686 2229 762 2272 vero
783 2228 842 2294 per
893 2207 1000 2279 XXII.

234 2294 266 2360 4.
308 2293 416 2368 Quum
448 2289 596 2371 Chironis
635 2290 735 2374 filius,
773 2313 874 2380 nepos
906 2292 1037 2361 Saturni
1062 2303 1097 2361 et
1120 2292 1282 2383 Pbiiyres,

107 2377 240 2469 anjnxta
259 2398 350 2445 mare
367 2377 533 2457 transiret,
565 2377 725 2479 quandam
745 2399 894 2444 cancrum
915 2379 1088 2445 immensae
1118 2379 1277 2467 magnitu-

151 2464 233 2531 dinis
254 2462 338 2553 pede
358 2462 506 2544 calcavit,
537 2484 592 2550 qm
612 2485 687 2530 enm
707 2462 928 2532 miserabiliter
946 2464 1053 2546 iaesit3
1093 2475 1128 2531 et
1149 2486 1278 2531 conver·

150 2574 206 2617 sus
230 2550 351 2615 Chiron
382 2547 507 2634 sagittis
537 2569 689 2615 cancrum
717 2549 890 2632 percussit,
927 2549 1088 2637 filiumque
1110 2550 1278 2638 expedivit

150 2635 190 2701 In
230 2635 320 2722 cujus
357 2631 541 2700 memoriam
570 2642 687 2699 cancer
715 2633 767 2700 iile
800 2634 969 2703 translatus
1009 2648 1058 2703 est
1087 2633 1121 2699 in
1150 2636 1279 2711 caelum

152 2719 324 2805 factusque
343 2720 471 2805 signum
492 2715 638 2786 caeleste.
681 2718 738 2784 Sci
759 2717 875 2785 dicitnr
897 2743 970 2788 esso
989 2720 1021 2786 in
1042 2720 1186 2798 Canem,
1207 2720 1279 2811 qnia

109 2805 239 2872 ansicut
259 2805 317 2871 hic
334 2824 484 2889 gressum
499 2801 548 2871 ad
569 2812 740 2891 utramque
765 2815 888 2892 partem
919 2806 1016 2873 babet
1036 2808 1167 2873 ante'et
1186 2820 1279 2880 retro,

151 2890 200 2958 sio
215 2886 273 2967 soi,
296 2912 394 2977 quum
413 2887 455 2954 ad
471 2889 633 2956 Cancrum
647 2887 782 2969 accedit,
798 2912 926 2977 semper
940 2889 1166 2980 progreditur;
1186 2914 1281 2981 quum

152 2997 229 3042 rero
251 2987 301 3041 est
322 2976 355 3039 in
375 2975 513 3053 Cancro,
535 2974 726 3053 retrocedit,
748 2986 781 3042 et
802 2976 884 3043 ultra
905 2975 1058 3064 progredi
1080 2997 1145 3041 uon
1168 2989 1280 3064 potest·

189 3136 193 3143 Ι
236 3060 268 3125 5.
309 3059 434 3127 Rustici
454 3060 493 3125 in·
508 3058 652 3127 Nemaea
673 3060 749 3127 silva
767 3060 884 3137 Jovem
907 3073 1111 3164 spernentes,
1134 3063 1281 3131 nolebant

152 3144 183 3211 ei
203 3144 395 3229 sacrificare.
437 3143 534 3213 Unde
555 3147 703 3234 Juppitar
720 3146 821 3214 iratus
853 3146 980 3215 immisit
1006 3147 1044 3212 iis
1076 3145 1207 3215 leonem
1227 3148 1280 3215 im·

50 3302 53 3307 ,
108 3245 283 3298 somensac
317 3229 562 3317 magnitudinis,
600 3230 654 3318 qui
694 3232 800 3297 omnia
827 3253 939 3300 eorum
973 3234 1057 3320 bona
1085 3231 1279 3303 devastabat

150 3316 197 3385 Et
223 3338 322 3404 quum
355 3314 488 3406 penuria
521 3315 666 3403 oppressi
694 3327 817 3395 essent,
855 3315 984 3385 tandem
1013 3315 1097 3384 venit
1122 3319 1280 3387 Hercules

150 3416 364 3479 monstrorum
384 3399 532 3489 domitor,
551 3400 605 3488 qni
623 3400 726 3488 ipsum
745 3400 921 3471 interiecit:
942 3414 976 3470 et
995 3401 1167 3475 translatus
1188 3404 1281 3473 estin

152 3488 293 3571 caelum,
310 3498 344 3557 et
362 3509 402 3554 ex
423 3510 463 3553 eo
485 3485 605 3554 factum
624 3485 752 3572 signnm
764 3487 912 3556 caeleste.
955 3487 1013 3554 Sol
1025 3487 1142 3556 dieitur
1160 3490 1280 3557 osseis

98 3624 100 3629 <
150 3573 275 3657 Leone,
294 3573 370 3663 quia
379 3573 463 3642 sicut
475 3571 526 3637 leo
548 3569 735 3638 furibundus
751 3585 809 3654 est,
829 3574 877 3640 sic
891 3595 987 3661 quum
1000 3572 1049 3641 soi
1059 3595 1119 3660 per
1132 3573 1213 3642 iilud
1228 3574 1279 3642 ds·

108 3660 252 3739 accurrit
267 3660 425 3746 signum,
463 3656 681 3724 vehementem
706 3656 826 3724 mundo
846 3658 958 3727 caloris
979 3658 1143 3741 servorem¹
1169 3659 1281 3739 reddit

237 3746 268 3811 6.
288 3746 411 3824 Icarus,
429 3741 724 3824 sacerdosBaccbi,
746 3752 779 3810 et
791 3743 991 3811 Atheniensis
1002 3764 1071 3821 rex,
1090 3753 1125 3813 ct
1144 3748 1282 3834 optimus

153 3841 301 3910 senator,
333 3853 431 3918 quum
453 3829 557 3895 vinnm
577 3827 702 3895 rusticis
730 3839 844 3915 potare
875 3829 1035 3909 dedisset,
1073 3828 1115 3895 iiii
1134 3830 1281 3901 inebr'mti

152 3926 301 4006 putantes
314 3938 363 3981 se
396 3935 549 3982 venenum
571 3913 737 3994 sumsisse,
774 3913 877 4015 ipsum
902 3915 1154 3997 interfecerunt3
1186 3929 1222 3986 et
1249 3927 1282 3986 nt

153 4002 259 4069 scelus
280 4001 427 4083 lateret,¹
444 3997 476 4065 in
498 4010 628 4088 puteum
659 3997 765 4087 praeci
788 4011 954 4069 naverunt.
1005 4000 1163 4069 Canicula
1196 4024 1281 4081 vero,

28 4106 33 4131 ··
109 4107 146 4179 us
176 4109 239 4155 uae
259 4108 332 4154 cum
353 4109 393 4151 eo
415 4097 502 4165 erat,
531 4106 658 4153 reversa
679 4094 727 4152 est
773 4108 880 4153 omum
907 4085 949 4157 ad
969 4083 1168 4173 Erigonem,
1199 4109 1281 4177 quas

63 4244 70 4274 ¹
177 4173 242 4241 ‘eta
261 4183 312 4242 est
330 4170 393 4241 filia
415 4171 512 4262 ipsius
532 4170 634 4256 Icari,
654 4189 695 4239 as
715 4168 841 4242 tristitia
861 4181 895 4242 et
916 4171 1033 4263 quibus
1053 4172 1163 4262 potuit
1180 4173 1278 4265 signis
1312 4200 1314 4227 =

1289 840 1295 855 1
