2632 4658
85 80 236 251 „aar
444 90 453 101 ’
545 141 728 246 upum
755 142 828 219 111.
872 142 958 273 tro..
1003 84 1157 221 sss

128 346 130 351 ’
153 339 260 395 autem
279 326 364 415 ignis
384 322 568 412 intelligitur
588 323 700 393 noxius
720 336 755 394 et
773 347 946 414 perurens,
975 326 1070 416 quale
1090 314 1315 413 est-fulmem*

153 413 295 480 undeet
328 413 491 509 Vulcaups
521 410 610 498 qussi
638 409 765 476 volans·
792 410 923 476 candor
944 410 1009 479 dici
1030 426 1181 502 putatur,
1213 420 1291 505 quod

154 499 300 564 videlicet
321 520 379 588 per
400 504 508 563 abrcm
530 496 630 576 volet3
654 516 673 561 a
694 494 831 589 nubibus
854 497 1135 568 enimsecundum
1149 502 1290 592 physicos

155 584 306 651 nascitur.
362 582 515 687 Pingitur
549 592 657 648 autem
690 579 733 645 de
771 581 905 650 Junonis
945 582 1068 652 femore
1107 600 1225 667 natus,
1264 604 1290 657 et

130 681 288 819 spropter
306 668 529 735 informitatem
552 691 572 734 a
593 664 868 754 caelo²dejectus,
903 667 953 739 ita
970 679 1006 736 ut
1033 668 1168 739 claudus
1199 672 1287 753 fieret,

155 758 189 820 in
243 778 368 820 emnum
397 753 530 821 insulam
561 752 733 830 cecidisse,
767 763 800 819 et
821 776 841 817 a
861 751 987 820 Lemno
1016 756 1161 845 primitus
1185 781 1286 827 nomen

154 839 309 907 Lemnius
331 840 505 927 accepisse.
554 839 640 904 Juno
673 837 773 924 igitur
793 843 850 903 air
870 848 931 905 est.
986 840 1040 907 De
1061 865 1101 909 ea
1123 852 1219 911 natus
1238 859 1285 925 est,

177 929 231 992 uia
251 947 346 991 omne
368 925 484 991 fulmen
506 921 548 992 de
569 930 645 990 aire
666 922 762 989 cadit
805 921 857 987 De
876 923 998 991 femore
1019 926 1087 1014 ejus
1107 928 1206 1021 ideo,
1225 932 1289 1019 quir

154 950 198 1077 de
218 1033 282 1077 uno
304 1017 380 1078 abre
400 1010 529 1085 fulmina
550 1019 731 1077 nascuntur.
773 1005 870 1073 Unde
896 1008 1068 1079 Lucanus:
1220 1086 1223 1093 ,

97 1107 149 1156 '1⁰
240 1094 465 1161 Fulminibus
492 1096 638 1181 propior
667 1105 785 1158 terroe
803 1094 1026 1161 succenditur
1049 1097 1135 1177 ae'r3

241 1181 371 1246 Pacem
392 1202 528 1245 summu
547 1190 674 1244 tenent.

142 1288 240 1366 'Quin
260 1302 367 1357 autem
387 1291 418 1356 in
441 1290 601 1356 Lemnum
620 1290 754 1371 insulam
774 1289 924 1361 crebrum
938 1261 1058 1380 jacitui
1075 1289 1207 1373 fulmen,
1223 1290 1282 1357 ideo

28 1456 32 1461 ⁵
154 1377 186 1441 in
208 1399 279 1442 eam
301 1374 456 1445 cecidisse
474 1376 590 1442 dicitur
611 1376 781 1443 Vulcanus.

239 1525 270 1589 5.
312 1523 375 1589 Est
396 1533 502 1589 autem
523 1521 654 1609 physica
676 1544 775 1591 cause
796 1545 854 1590 cur
881 1524 964 1593 inter
985 1523 1119 1591 Aetnam
1142 1534 1180 1593 et
1199 1524 1283 1615 Lipa-

113 1631 216 1684 15reu
250 1609 392 1698 fingatur
419 1609 540 1675 habere
572 1607 752 1711 officinam,
780 1618 920 1760 lpropter
949 1610 1058 1696 ignein
1086 1607 1284 1683 videlicetet

153 1705 284 1777 ventos3
312 1716 398 1797 quae
429 1704 504 1781 apta
525 1703 598 1759 sunt
622 1693 730 1761 fabris.

812 1695 908 1761 tenim
936 1696 1040 1762 Aetna
1059 1716 1152 1762 mous
1175 1706 1225 1763 est
1244 1718 1283 1763 er-

154 1779 254 1859 dens,
294 1779 415 1867 Lipare
445 1789 552 1844 autem
582 1777 625 1844 de
658 1778 783 1859 insulis,
820 1781 935 1867 quibua
969 1779 1086 1846 Aeolus
1121 1781 1166 1847 im
1191 1780 1284 1849 erasit

153 1864 298 1930 Vulcano
321 1865 445 1943 famuli,
481 1864 534 1951 qui
556 1861 685 1930 fulmina
707 1865 881 1944 fabricent,
914 1864 1130 1932 decernuntur
1157 1804 1285 1935 brente

156 1962 189 2016 et
210 1952 363 2038 Steropes
385 1962 418 2018 et
439 1949 467 2014 P
490 1971 629 2015 racmon.
673 1950 812 2018 Brontes
832 1950 933 2038 igitur
956 1973 976 2016 a
996 1952 1152 2031 tonitru,
1186 1952 1285 2021 Stero

110 2059 213 2122 20pes
234 2059 254 2100 a
267 2033 438 2123 fulgure,
467 1973 650 2123 l'yracmon
671 2036 843 2102 scatenti
863 2035 989 2101 incude
1010 2056 1125 2101 nomeu
1153 2040 1285 2128 acceptu

154 2123 227 2206 scrip
249 2121 332 2186 enim
354 2120 470 2205 ignis,
500 2120 615 2207 ἄκμων
636 2120 736 2184 incus
757 2121 990 2223 interpretatur.
1039 2118 1195 2208 Priorum
1216 2125 1284 2191 enin

152 2202 314 2271 ‘nominum
336 2198 489 2291 'origines
523 2227 543 2271 a
576 2205 710 2272 Graecis
736 2205 892 2296 inquirite.
945 2205 1033 2273 'Poto
1065 2218 1178 2277 eutem
1209 2208 1292 2275 caele.

154 2290 285 2357 fulmine
318 2287 369 2356 illa
393 2289 473 2356 mitti
504 2288 581 2356 dicit
608 2289 774 2377 Virgilius,
832 2291 895 2357 uod
926 2301 1010 2358 teste
1043 2290 1174 2359 Servio'
1189 2292 1284 2363 dicuat

152 2374 335 2464 philosophi
363 2374 406 2441 de
431 2374 510 2441 XVI
540 2376 684 2463 partibus
708 2376 787 2445 caeli
809 2315 944 2445 fulmina
972 2377 1131 2444 interrae
1154 2378 1247 2449 mitti.

110 2459 251 2538 25Quod
274 2472 381 2528 autem
400 2460 519 2527 ibidem
538 2461 714 2551 subjunxit:
828 2513 831 2517 ›

163 2620 166 2625 ,
243 2546 324 2612 Tris
347 2543 469 2610 imbria
490 2547 577 2611 torti
597 2546 733 2625 radios,
761 2545 829 2611 tris
849 2544 952 2611 nubis
971 2568 1122 2633 aquosae

120 2649 122 2653 '
238 2630 483 2703 Addiderunt,
516 2630 622 2695 rutili
642 2632 710 2696 tris
729 2631 828 2718 ignis
850 2641 884 2694 et
904 2630 1006 2701 uf‘tis
1026 2637 1150 2703 austri
1158 2662 1173 2718 3

60 2782 65 2787 ,
154 2725 224 2782 toto
249 2738 332 2780 anno
358 2713 487 2779 fulmina
510 2714 629 2781 cadere
648 2716 793 2782 insinuat
835 2714 921 2783 Nam
963 2715 1071 2783 erbas
1090 2716 1283 2814 peripblm

153 2810 301 2887 tempora
341 2801 437 2866 totius
476 2799 549 2864 anni
586 2801 743 2882 ostendit,
780 2822 865 2887 quse
890 2812 923 2868 et
940 2738 995 2866 ¹lV
1028 2824 1102 2871 esse
1131 2819 1168 2875 et
1188 2820 1283 2881 terne

89 2949 91 2954 ,
110 2908 280 2961 :romenses
301 2884 421 2950 habere
442 2884 641 2965 manifestum
663 2896 722 2953 est.
765 2885 832 2952 Per
854 2885 921 2949 tris
942 2884 1025 2951 enim
1038 2888 1162 2956 radios
1176 2892 1287 2959 imbris

154 2972 261 3051 torti,
296 2969 330 3035 id
351 2980 400 3036 est
422 2971 584 3038 constricti
604 2983 637 3039 et
659 2971 763 3051 coacti
783 2970 814 3035 in
835 2969 1043 3058 grandinem,
1076 2973 1220 3059 hiemem
1241 2977 1284 3045 de

152 3055 276 3141 signet,
309 3056 341 3121 in
362 3079 425 3143 qua
444 3056 633 3144 grandinem
654 3057 818 3124 abundare
839 3067 973 3124 constat
1015 3055 1083 3123 Per
1101 3063 1175 3127 tris
1196 3060 1285 3129 nubit

152 3163 301 3226 aqtiosae
339 3164 412 3220 ver,
447 3165 510 3230 quo
539 3155 604 3209 tem
629 3165 685 3209 ore
720 3141 836 3208 nimiae
868 3152 942 3208 sunt
975 3141 1118 3229 pluviae,
1161 3161 1200 3215 ut
1230 3147 1284 3237 iper

152 3225 242 3291 alibi:
295 3225 345 3289 Et
371 3227 446 3290 ruit
486 3167 708 3315 imbrifirum
735 3249 805 3293 ver.
864 3225 932 3291 Per
966 3226 1033 3291 tris
1061 3228 1174 3296 rutili
1201 3232 1285 3321 ignit

50 3324 54 3333 '
109 3312 317 3389 35aestatem.
361 3310 427 3377 Per
457 3312 525 3376 tris
545 3312 646 3376 alitis
668 3312 786 3376 austri
807 3319 1008 3390 autumnum,
1040 3335 1106 3414 quo
1128 3326 1284 3385 ventorum

153 3398 270 3462 crebra
291 3407 364 3464 sunt
383 3396 522 3471 flamina.
575 3396 759 3463 Prudenter
781 3405 887 3463 autem
909 3397 957 3465 his
979 3399 1127 3466 omnbus
1149 3414 1283 3471 netum

152 3481 300 3569 exprimit
326 3481 478 3564 fulminis,
512 3482 599 3570 quod
622 3504 754 3549 neeesse
782 3494 850 3562 est,
882 3492 918 3547 ut
940 3503 997 3571 per
1017 3484 1121 3551 nubes
1145 3498 1283 3557 nascetur

152 3579 186 3633 et
206 3579 326 3635 ventos.
369 3566 467 3642 Quod
488 3589 563 3634 vero
592 3567 709 3634 fulmen
731 3565 872 3635 trifidum
892 3567 940 3633 vel
960 3567 1127 3653 trisulcum
1148 3572 1283 3663 legimur.

151 3651 194 3717 ad
217 3654 301 3720 aliud
324 3664 458 3740 spectat.
510 3653 572 3720 Est
600 3655 683 3719 enim
712 3650 831 3718 fulmen
858 3651 946 3754 quod
981 3654 1086 3734 afflat,
1122 3671 1177 3725 est
1212 3682 1252 3765 qp

109 3737 252 3811 infindit.
304 3739 387 3804 Nam
410 3750 547 3827 quatuor
574 3763 655 3827 quos
688 3736 766 3804 dicit
795 3736 958 3803 fulminum
987 3738 1133 3826 species,
1170 3744 1282 3817 mium

152 3824 193 3887 ab
228 3824 276 3890 his
309 3823 612 3892 alienaerideutur.
665 3820 728 3891 Est
760 3823 859 3904 euim,
900 3822 1015 3911 inquit,
1054 3822 1180 3895 fulmen
1213 3822 1282 3920 quel

151 3919 272 3975 terreat
323 3921 376 3975 ut:
919 3965 923 3971 .

234 3960 401 4060 Aiternis
422 3993 517 4080 regis
542 3991 701 4078 imperiis
721 4003 755 4058 et
775 3989 936 4080 fulmine
955 4002 1076 4056 terres.

147 4077 212 4145 Est
232 4077 320 4165 quod
340 4079 447 4158 afflet,
476 4090 524 4146 ut:
569 4077 748 4145 Fulminis
777 4074 918 4166 afflavit
945 4075 1068 4145 ventis.
1121 4074 1280 4171 Estqurd

215 4164 223 4179 ⁶
832 4172 837 4192 r

105 4178 277 4250 mpunrat,
307 4175 358 4230 ut:
