2632 4658
145 172 224 250 rna
443 176 625 280 upum.
653 176 706 255 u.
729 116 742 193 ¹·
760 175 1018 299 renarra.

523 360 618 437 tta.
677 360 896 439 Phineus.
943 368 947 375 '

228 486 387 568 Phineus,
405 508 462 554 rex
481 486 655 569 Arcadiae,
674 488 781 556 liberis
801 489 866 558 suis
886 510 1056 557 novercam
1076 486 1270 579 superduxit,

145 572 235 660 eujus
254 572 404 641 iustinotu
418 596 474 639 eos
491 573 641 643 caecavit.
683 576 789 650 Quam
810 577 853 641 ob
873 597 942 643 rem
961 576 1035 643 irati
1054 572 1098 641 dii
1110 574 1147 643 ,ai
1166 574 1272 659 oeulos

145 657 356 753 snsurlerunt,
388 669 422 725 et
448 660 608 749 Harpyias
643 658 864 729 adhibuerunt.
915 661 1011 736 Quae
1034 683 1137 753 quum·
1163 658 1274 735 eitllu

120 744 234 809 teibos
261 744 460 832 abriperent,
493 744 641 812 Iasonem
670 768 743 813 oum
775 746 987 833 Argonautis,
1022 759 1155 849 propter·
1178 744 1275 817 ¹sellus

143 850 274 896 aureum
296 828 436 897 Colehos
456 842 625 919 petentem,
646 828 783 921 hospitio
804 832 961 922 suscepit3
981 852 1034 921 eur
1053 842 1150 899 mam
1163 828 1275 899 deors

143 936 211 981 rem
233 914 330 982 dedit.
374 916 451 983 Hoo
471 938 552 1003 ergo
573 918 729 983 beneficio
750 917 843 983 illecti
865 920 1089 1005 Argonautae,
1119 916 1226 985 Zeten
1245 926 1277 983 et

145 999 274 1081 Calain,
309 1001 388 1068 filios
410 1002 538 1066 Boreae
563 1014 596 1069 et
627 1002 792 1091 Orithyiae
824 1002 1018 1090 (Erechthei
1041 1001 1143 1083 filiae,
1183 1024 1275 1089 quarn

142 1084 267 1152 Boreas
289 1107 309 1151 e
327 1086 458 1153 flumine
478 1087 568 1155 Ilisso
589 1088 711 1176 rapuit)
731 1088 850 1167 alatos,
873 1089 1022 1175 inquam,
1052 1086 1201 1176 juvenes,
1237 1084 1276 1152 ad
1301 1134 1314 1183 3

102 1168 305 1271 lopellendas
324 1172 483 1261 Harpyias
505 1172 535 1237 ei
556 1173 718 1239 miserunt.
772 1173 862 1273 Quas
890 1196 988 1262 quum
1015 1172 1131 1239 strictis
1151 1170 1276 1273 'gladiis
1313 1230 1314 1245 ,

132 1256 649 1442 lassarentur
670 1256 833 1429 lah
851 1256 1276 1424 lassantlassant

144 1428 185 1513 ab
206 1424 293 1515 Iride
313 1426 482 1509 admonitu,
504 1438 540 1494 ut
562 1426 750 1495 desisterent
770 1452 789 1493 a
809 1428 895 1495 Jovis
918 1428 1072 1507 oaoibns,
1104 1448 1280 1523 euoenon·

144 1522 307 1595 perterunt
327 1512 458 1579 solatus.
510 1513 604 1587 Quae
635 1512 816 1591 conversio,
847 1512 881 1578 id
908 1526 959 1582 est
985 1508 1131 1601 στροφὴ,
1161 1525 1275 1581 nornen
1310 1534 1314 1599 g

102 1592 252 1695 rainsulis
273 1592 373 1665 dedit.
412 1598 555 1698 Phineus
576 1598 606 1664 in
628 1596 758 1664 modum
791 1598 940 1665 avaritiae
958 1600 1103 1686 ponitur,
1137 1620 1160 1665 a
1180 1598 1275 1685 feue-
1312 1633 1314 1696 p

130 1680 254 1765 ,ruodo
280 1678 423 1750 Phineus
462 1682 574 1750 dantus.
624 1683 704 1750 ldeo
734 1702 869 1765 caecus,
905 1683 991 1773 quod
1012 1683 1122 1750 'omnis
1149 1683 1276 1753 avaritia
1312 1720 1314 1755 r

109 1767 325 1863 ''saeco-'sih
362 1790 445 1857 quae
465 1791 528 1834 non
550 1766 635 1836 ridet
655 1792 722 1835 sua.
779 1767 858 1835 Ideo
879 1768 1043 1859 Harpyiae
1063 1770 1093 1835 ei
1114 1767 1274 1839 oibos'ra-
1312 1766 1314 1843 ζ

142 1850 250 1939 piant,
284 1855 360 1941 quia
381 1854 491 1943 rapina
513 1876 586 1920 eum
608 1852 724 1943 aliquid
754 1851 796 1920 de
816 1875 875 1920 suo
911 1854 1093 1929 comedere,
1111 1878 1177 1941 non
1206 1876 1275 1953 per-

143 1938 245 2004 mittit.
296 1936 364 2004 Sed
394 1939 451 2005 has
481 1939 522 2005 ab
554 1951 687 2027 aspectu
718 1938 785 2029 ejus
816 1940 914 2006 Zetes
950 1952 984 2007 et
1018 1938 1124 2007 Calais
1155 1942 1275 2029 legant

101 2022 274 2088 aoGraeoe
294 2024 377 2090 enim
397 2026 501 2111 ζητῶν
532 2021 634 2095 καλὸν
665 2026 845 2113 inquirens
878 2022 1003 2091 bonum
1033 2022 1168 2111 diuitur3
1204 2048 1274 2095 uam

144 2106 288 2177 veniente
308 2110 466 2192 bonitate,
485 2108 586 2177 omnis
604 2110 717 2198 rapina
738 2108 878 2197 sugatur.
1020 2194 1025 2205 Ι
1059 2166 1063 2177 ,
1089 2104 1105 2133 ·’

380 2294 474 2371 145.
534 2296 737 2398 Oedipus
768 2302 808 2371 et
840 2294 1069 2395 Sphinx.·
1113 2294 1155 2301 ”
1239 2298 1243 2307 ’

141 2428 168 2465 ''-
226 2420 354 2512 ‚sphinx
374 2434 551 2491 monstrum
571 2433 659 2505 erat,
687 2421 752 2491 alas
774 2435 807 2489 et
827 2444 955 2509 ungues
976 2422 1099 2491 babens
1120 2422 1155 2489 in
1175 2412 1275 2493 simili·

143 2506 285 2576 tudinem
308 2510 542 2613 Harpyiarum,
564 2506 652 2597 quod
672 2508 812 2575 insidens
833 2508 985 2596 soopnlo‚
1007 2510 1077 2576 siae
1095 2510 1276 2590 imminenti,

100 2595 319 2661 missotubttia
340 2608 521 2682 aenrgmata
540 2594 740 2696 proponebat
764 2594 1011 2685 transeuntibus,
1060 2596 1156 2670 Quae
1182 2616 1276 2685 quum

142 2680 264 2746 solvere
285 2702 348 2745 non
368 2693 516 2768 possent,
546 2702 585 2745 ex
605 2679 775 2765 improviso
796 2679 961 2761 ueniebat,
988 2681 1187 2768 'agminaque
1216 2682 1276 2748 als·

141 2782 213 2829 rum
235 2775 269 2832 et
288 2786 331 2830 un
379 2765 450 2830 ibus
470 2764 512 2829 ad
541 2787 577 2829 se
597 2763 629 2828 in
650 2784 763 2851 rupem
783 2764 941 2833 trahebat
984 2762 1086 2854 cnjus
1113 2765 1276 2833 loeutiom’r

143 2851 297 2937 ambages
352 2850 480 2938 edipus,
511 2848 699 2917 Thebarum
719 2871 793 2930 rex,
826 2872 888 2919 sua
906 2847 1076 2919 ealliditate
1101 2850 1214 2937 solvit,
1247 2861 1277 2919 et

147 2935 264 3004 riorum
284 2937 416 3005 necavit

17 3167 20 3173 ·
102 3120 183 3227 ³0¹*
271 3132 278 3199 ’.
517 3125 611 3202 Md.
674 3126 906 3203 Oeneus.

154 3290 159 3309 ·-
227 3216 377 3336 Oeneus,
412 3254 604 3324 Parthaonis
625 3256 724 3334 filius,
763 3276 822 3320 rex
850 3252 1012 3333 Aetoliae,
1054 3250 1147 3343 eujus
1161 3218 1279 3323 ebho

139 3352 215 3408 arat
234 3340 391 3446 Calydon,
412 3343 505 3430 regni
527 3342 575 3409 sui
597 3352 715 3444 statum
731 3338 872 3441 'turbarit
884 3339 1091 3489 neglopentia
1107 3360 1278 3445 sacrorum

144 3431 258 3495 Annua
280 3424 434 3516 srqusdem
455 3440 528 3497 vota
549 3449 608 3515 pro
629 3447 751 3516 smperu
773 3424 927 3493 lrnotrbns
949 3424 1136 3504 oeebrans,
1167 3446 1279 3491 numen

146 3512 272 3578 Dianae
293 3513 470 3581 contemsit
512 3514 565 3580 na
592 3535 706 3601 aprum
732 3532 875 3577 summae
903 3508 1130 3597 magnitudinis
1157 3509 1279 3603 regioni

104 3595 813 3772 tilithi’lllalttlllhffi'lllll
833 3592 1279 3749 ltlltrftllld‘llttl

147 3766 287 3835 edietum
325 3767 388 3835 tals
421 3771 604 3874 proposuit,
638 3782 674 3838 ut
717 3765 880 3833 dimidium
915 3767 1007 3852 regni
1047 3779 1195 3852 caperet,
1230 3790 1259 3917 p

148 3866 322 3920 monstrum
345 3855 564 3923 interemisset.
609 3853 773 3944 Siquidem
794 3852 875 3919 lilius
906 3853 973 3941 ejus
1003 3851 1171 3938 Meleager
1194 3874 1237 3919 un
1259 3850 1283 3918 i-

148 3960 212 4026 que
233 3938 398 4005 oolleotam
419 3941 615 4031 juventutem
640 3941 681 4006 ad
701 3939 782 4004 illam
805 3940 876 4004 nori
899 3937 1026 4025 generis
1048 3936 1282 4087 exploditionem

105 4024 282 4102 ,procerit
335 4024 422 4091 Inter
464 4048 544 4114 quos
577 4026 672 4093 etiam
714 4023 857 4091 Atalante
890 4023 1053 4102 conuenit,
1117 4024 1176 4091 osii
1213 4022 1283 4101 filis,

70 4118 72 4126 '
148 4132 272 4178 summa
308 4111 463 4188 venatrix,
506 4112 631 4177 Dianae
666 4109 785 4176 seilicet
820 4132 944 4192 comes3
980 4129 1064 4199 quoe
1089 4108 1123 4173 in
1154 4107 1313 4187 soltibnsr¹

151 4197 252 4285 prima
273 4195 411 4265 omnium
431 4196 633 4285 praedictum
658 4216 768 4285 aprum
797 4195 916 4282 sagitta
944 4192 1119 4291 percussit.¹
1164 4195 1283 4267 Poros
1310 4190 1314 4277 ff
