2632 4658
33 292 37 296 q
136 136 215 264 ron
397 188 634 290 ..nynogs
663 186 735 262 ιιι.
791 136 831 260 a.
885 184 954 261 sa.

79 446 83 467 ι
136 398 211 444 rero
239 354 425 447 venerantes
454 376 598 453 stabant,
622 370 815 465 -socplosque
837 366 891 441 'ac
920 368 1030 441 Ιιιιιιιιίιι
1057 368 1104 436 ad
1133 390 1270 460 superna

137 460 436 550 erigebant.'=lnde
461 471 527 527 est:
723 538 728 545 Ι
931 554 935 561 Ι
985 490 1008 511 ·-
1199 486 1204 495 ·

223 573 275 641 At
293 585 404 662 ptrter'
426 570 596 659 Anchises
624 571 738 635 caulos
760 571 808 635 ati
831 568 949 635 sidere
970 562 1104 659 laetus
1153 568 1156 575 ’

192 672 199 685 “·
224 658 385 736 Extntir,
414 657 562 723 stenelo
578 656 719 745 palrnes
740 679 819 720 cum
838 658 919 721 'voce
938 652 1096 739 tetendit.

105 781 133 829 1⁵
142 771 213 837 Ore
235 756 357 854 secate
372 770 459 857 inter
481 765 725 859 supplicationes
756 766 942 845 dicebatur,
975 748 1063 852 qitod
1091 762 1145 829 bic
1167 783 1269 827 sermo

139 868 172 923 et
201 850 361 922 sacrificiis
392 854 425 919 et
451 852 533 920 ludis
566 863 659 940 aptus
688 852 772 920 visus
801 865 858 920 est.
916 846 955 917 Iri
984 848 1150 916 sacrificiis
1189 846 1268 915 eninr

139 938 353 1023 taciturnitas,
384 941 417 1005 iu
443 939 529 1006 ludis
557 938 756 1015 necessarius
792 938 880 1004 saror
915 947 975 1019 est
1013 935 1129 1000 Favet
1165 946 1268 998 antem

136 1026 208 1105 ,nis
242 1046 300 1090 ore
335 1025 429 1091 etiarn
467 1032 527 1112 per
563 1023 816 1107 taciturnitatem.
858 1022 948 1111 Hinc
976 1018 1086 1107 arant
1100 1019 1266 1085 Horatius:

47 1126 51 1142 ¹
139 1050 268 1176 bovata
289 1106 434 1196 linguis.
476 1108 713 1193 Saneinlula,
728 1131 791 1196 qua
821 1100 1067 1195 sacerdotati-in
1097 1104 1199 1171 sacris
1221 1125 1267 1167 or-

99 1203 232 1262 1⁰nat0s
262 1193 413 1277 legimus,
458 1193 565 1260 fascia.
591 1206 661 1277 erat
687 1194 719 1279 in
747 1192 876 1260 modum
914 1190 1118 1269 diadematis,
1160 1214 1180 1255 a
1233 1211 1267 1253 ua

139 1281 235 1347 vittae
270 1281 309 1344 ab
333 1289 469 1365 ptraque
497 1291 590 1366 parte
614 1274 854 1367 dependebant3
887 1301 971 1367 quae
1006 1213 1230 1366 plerumqnel

141 1364 252 1433 tortilis
273 1363 315 1429 de
336 1358 409 1430 albo
430 1375 463 1430 et
485 1387 594 1449 cocco.
637 1369 725 1451 Aper
746 1386 838 1445 vero,
860 1388 924 1452 quo
949 1361 1059 1430 itidenl
1081 1360 1130 1427 usi
1152 1382 1267 1425 memo-

1230 1273 1267 1339 uit

141 1462 268 1529 rantur,
284 1506 287 1513 .
302 1449 430 1537 proprie
458 1448 543 1516 dicta
573 1459 622 1516 est
649 1448 681 1513 in
709 1472 832 1515 summo
863 1448 1038 1533 sacerdotis
1066 1446 1150 1533 pileo
1181 1445 1268 1531 virga

141 1532 349 1615 lanata,-hoc
370 1544 440 1613 est,
455 1535 488 1599 in
509 1533 598 1623 cujus
620 1535 818 1615 extremitate
837 1534 964 1600 modica
983 1532 1055 1599 lana
1076 1542 1163 1611 erat3
1185 1527 1267 1617 qnod

101 1621 278 1710 ltprimum
297 1618 422 1687 constat
444 1618 530 1708 apud
552 1618 662 1697 Albam
682 1620 850 1699 Ascanium
876 1620 1036 1688 statuisse.
1088 1616 1268 1682 Ferebatur

142 1716 249 1772 autem
287 1702 341 1779 vel
370 1702 412 1770 ad
452 1703 682 1785 ostendendum
722 1704 893 1772 sacerdotii
933 1701 1151 1781 eminentiam,
1190 1700 1268 1787 sicut

140 1789 273 1857 mortuis
293 1786 446 1856 nobilibus
468 1784 635 1856 columnae
666 1786 983 1878 ad'signilicaudum'
1008 1810 1122 1859 eorum
1145 1785 1268 1867 culmen

142 1882 427 1964 superponuntur-3¹
448 1875 502 1939 nel=
524 1876 611 1962 quia,
641 1897 738 1962 quum
759 1876 845 1964 apud
872 1872 1129 1957 Laurolavinium
1151 1870 1268 1940 sacrifi-

143 1973 273 2045 carent,
308 1970 434 2027 et--oxta
454 1960 493 2027 iis
516 1960 701 2049 frequenter
722 1985 795 2027 aves
817 1960 858 2028 de
879 1961 1167 2041 vicinis-venientes
1194 1956 1268 2023 lucis

100 2047 340 2133 acabriperent,
364 2044 557 2129 ,eminentia
583 2047 744 2130 virgarum
785 2069 839 2112 eas
879 2048 1060 2112 absterrere
1097 2042 1269 2110 voluerunt

142 2129 270 2197 Exinde
290 2132 384 2197 etiam
406 2130 603 2198 consuetudo
626 2132 814 2217 permansit,
849 2146 897 2211 ut‘
915 2132 970 2219 qui
998 2126 1084 2218 apud
1101 2128 1266 2210 ⁴Laurola-

16 2286 19 2307 Ι
144 2216 258 2281 vinium
280 2210 514 2295 sacrificarent,
548 2215 693 2303 ingentes
721 2216 875 2283 haberent
897 2218 1027 2304 -virgas,
1063 2236 1127 2280 non
1148 2216 1269 2292 breves,

142 2301 230 2366 utin
254 2303 343 2367 urbe.
384 2300 577 2389 Hujusmodi
608 2312 714 2371 tamen
744 2302 826 2389 pilea
854 2316 952 2388 quum
970 2322 1043 2390 ‚per
1064 2310 1173 2366 aestus
1195 2320 1269 2375 non-

142 2407 315 2474 numquam
339 2386 423 2459 lerre
451 2397 675 2472 gravarentur,
714 2387 766 2454 lilo
794 2399 915 2469 tanturn
947 2388 1070 2474 capita,
1105 2407 1147 2451 ne
1179 2383 1269 2457 nudis

102 2473 288 2559 25penitus,
310 2542 322 2551 ..
346 2469 412 2537 uod
440 2472 529 2538 nefas
557 2472 679 2551 luerat,
722 2472 876 2563 capitibus
895 2472 1097 2546 incederent,
1133 2468 1270 2557 religare

144 2556 295 2622 solebant.
366 2554 434 2621 nde
464 2568 497 2645 et
524 2581 543 2623 a
562 2554 650 2642 filo,
686 2578 749 2645 qno
783 2561 972 2637 utebantur,
1008 2554 1151 2637 flamines
1182 2554 1270 2642 quasi

135 2636 318 2724 filamines
348 2641 425 2727 dieti
460 2655 543 2725 sunt
583 2643 710 2709 Varum
739 2644 825 2721 festis
861 2642 1008 2723 diebus,
1031 2640 1084 2706 filo
1112 2638 1269 2726 deposito,

142 2724 222 2812 pilea
244 2724 392 2810 accipere
414 2748 545 2794 necesse
568 2742 646 2793 erat.
690 2730 792 2816 Atque
814 2728 855 2793 de
877 2729 925 2794 his
951 2729 1114 2809 hactenus.
1176 2784 1180 2791 .

227 2837 278 2902 35.
306 2838 414 2912 :Quae
433 2839 564 2926 singulis
585 2839 762 2906 numinibus
783 2839 927 2907 victimae
938 2836 981 2906 'st
1001 2860 1100 2927 qnare
1120 2836 1271 2903 decretae

102 2922 222 2999 ausint,
261 2932 295 2988 ut
317 2923 411 3017 paulo
433 2940 506 2990 ante
528 2924 664 2990 breviter
683 2926 715 2990 in
743 2935 833 3013 parte
852 2925 1032 3012 tetigimus,
1053 2923 1118 3013 qui
1140 2921 1185 2988 ad
1207 2921 1270 3010 ple-

142 3030 216 3072 num
246 3030 348 3074 nosse
370 3032 420 3079 ἰιι
445 3011 501 3078 etit
509 3048 522 3090 ,ν
552 3024 555 3029 ’
607 3010 748 3077 ntilicnm
785 3010 880 3076 libros
898 3011 1033 3078 ‘otiosus
1063 3016 1270 3076 transcurrat

40 3113 43 3117 ·
126 3093 256 3180 ¹Neque
278 3096 399 3160 enirn'r
453 3095 557 3163 uniruo
581 3118 731 3162 somnes
755 3094 798 3161 dii
827 3092 935 3176 culti,
951 3095 1000 3162 vel
1027 3092 1141 3162 eadem
1170 3092 1270 3158 omni·-

143 3179 202 3244 bns
225 3179 331 3245 oblata
352 3191 432 3246 sunt.
476 3181 721 3267 Singulis-enim
752 3183 934 3248 numinibus·
959 3192 1048 3248 corta
1077 3189 1152 3247 sunt
1175 3177 1269 3256 dona,

165 3268 227 3328 nae'
262 3266 448 3331 offeruntur.
498 3265 595 3331 Unde
631 3277 696 3333 est:
741 3267 983 3354 Strneramque
1020 3264 1094 3331 anis
1133 3262 1271 3328 alt-reric

101 3287 258 3424 sedenis,
286 3348 319 3414 td
341 3361 390 3417 est
409 3351 569 3438 congruis.
612 3352 697 3417 Nam
719 3361 752 3416 et
768 3351 838 3416 Jovt
865 3351 953 3439 juxta
980 3351 1146 3417 Romanas
1169 3347 1269 3439 caeri-

30 3454 37 3464 “
141 3435 274 3500 monins
292 3433 333 3501 de
356 3448 454 3501 tauro
488 3435 659 3502 sacrificari
695 3458 766 3502 non·
792 3437 925 3517 licebat.;
964 3435 1047 3503 adeo
1075 3447 1145 3521 ut,
1170 3454 1268 3521 quum

142 3519 265 3584 Aeneas
295 3531 419 3586 taurum
451 3520 536 3607 apud
559 3520 738 3609 'farndun
767 3522 839 3586 Jovi
866 3533 1055 3602 mactasset,
1092 3531 1268 3586 monstrum

104 3660 107 3666 ,
142 3605 247 3670 statim
270 3603 311 3668 de
331 3608 469 3672 cruentis
497 3607 659 3675 viminibus
695 3607 823 3694 legatur
842 3608 1056 3674 subsecutum.
1099 3604 1199 3672 Unde
1218 3603 1269 3692 ju·

142 3711 260 3753 venons
281 3691 308 3779 ei
330 3690 567 3774 immolabatur3
587 3704 698 3759 taurus
721 3715 796 3757 varo
813 3708 1001 3780 numquam,
1015 3692 1073 3760 nisi
1097 3687 1268 3778 siquando

101 3771 173 3835 toln
202 3775 370 3861 triumpho.
420 3776 515 3851 Quod
545 3772 649 3845 tamon
678 3777 751 3865 ideo
782 3777 953 3842 admissum
984 3790 1049 3858 est,
1089 3778 1163 3864 quia
1193 3787 1270 3842 tunc

142 3876 205 3921 non
227 3870 355 3926 tanturn·
368 3862 458 3938 Jovi,
480 3861 537 3928 sed
559 3874 591 3928 et
609 3864 673 3929 aliis
694 3863 770 3942 diis,
802 3863 855 3949 qni
877 3864 908 3927 in
932 3863 1013 3947 bello
1036 3883 1129 3952 opem
1151 3860 1269 3940 ferunt,

141 3943 389 4019 sacrificabatur.
428 3947 468 4010 ln
489 3949 620 4014 victimis
653 3949 734 4013 enirn
763 3949 999 4035 requirebatur,
1020 3960 1069 4015 'nt
1090 3946 1188 4013 certis
1210 3968 1268 4011 nu·

14 4111 18 4119 .
141 4028 275 4095 minibus
299 4045 407 4096 certae
441 4035 553 4100 aetatis
585 4033 729 4100 animalia
755 4041 977 4099 mactarentur.
1031 4035 1137 4099 Porro
1168 4041 1206 4096 ut
1237 4030 1267 4095 in

139 4112 343 4199 religionibus
367 4115 515 4197 saltetur,
543 4118 629 4185 ¹haec
655 4120 737 4186 ratio
769 4130 833 4198 est,
871 4118 966 4205 quod·
987 4119 1100 4184 nullam
1129 4118 1268 4206 majores

99 4211 260 4285 reportem
281 4201 379 4268 nostri
401 4201 564 4272 voluerunt
585 4227 675 4288 esse,
711 4225 793 4292 quaa
827 4205 1050 4291 consentiret
1069 4202 1267 4291 religionem.
