2616 4658
420 126 878 311 numaga-aquatus:
923 172 928 181 ·
1037 132 1043 140 ’
1080 180 1208 313 3ru

75 365 139 459 xit,
159 364 287 455 qnidam
309 366 481 437 Saturnum
511 392 536 438 a·
552 328 748 435 saturando
765 328 896 438 dietum
916 365 1039 457 volunt:
1072 367 1123 436 alii
1145 369 1206 436 Sa-

76 464 224 533 turnum,
248 453 338 541 quasi
359 455 465 539 nassis
486 464 688 536 saturetur,
711 454 835 525 dieunt.
884 454 1000 523 Senior
1019 465 1126 527 autem
1146 457 1205 521 fin-

71 538 184 624 gitur,
205 537 254 604 vel
275 548 406 627 propter
427 538 613 608 tarditatem
636 550 759 620 mutus,
781 538 925 625 rei-quia
939 537 1076 627 dungina
1097 563 1117 606 a
1139 540 1206 609 sole

77 624 191 704 distat,
223 622 271 689 vel
299 623 373 710 quia
403 623 481 691 deus
502 625 685 715 ,pluviarum
715 625 819 694 dietus
841 638 905 694 est:
937 647 1013 691 narn
1034 647 1147 705 senes,
1166 638 1205 694 ut

60 708 215 796 pluvias,
236 731 361 796 semper
381 708 516 797 frigidos
541 732 621 799 esse·
635 711 785 779 norimus.
827 710 958 778 Faluem
978 722 1085 777 antem
1106 722 1227 792 tenets

75 793 126 860 vel
146 794 221 881 quia
241 792 320 860 dens
339 806 519 883 temporum
541 794 672 878 dieitur,
699 819 800 885 quae,
822 795 914 865 sicuti
935 794 1016 875 sals,
1040 796 1074 861 in
1094 818 1131 863 se
1151 818 1204 863 re-

75 889 225 959 currunt3
248 878 299 946 vel
324 893 457 968 propter
485 881 688 970 sapientiam,
721 903 806 972 quae
825 880 909 951 intus
930 879 972 946 sit
991 891 1094 947 acuta.
1143 879 1204 948 Atii

71 968 184 1031 ‘autem
205 960 331 1046 dieunt,
360 967 533 1033 Saturnum
560 967 593 1032 in
645 988 797 1054 regressu
827 966 902 1032 nihii
930 986 1066 1046 nucere3
1100 975 1202 1032 retro-

74 1050 239 1137 gradum,
255 1072 327 1116 esse
347 1051 579 1140 periculosum
597 990 738 1142 ideoque
757 1053 906 1123 saluatum
928 1049 1024 1135 fingi,
1048 1049 1121 1136 quia
1138 1051 1201 1118 salx

75 1145 246 1223 praetensa
265 1137 367 1202 minus
391 1149 505 1219 uouet3
526 1148 688 1205 retruaeta
706 1158 791 1218 vero,
813 1133 962 1228 quiequid
984 1135 1127 1215 odendit,
1148 1153 1244 1204 se-1u

74 1231 139 1286 eat.
188 1219 284 1294 Quod
310 1233 417 1289 autem
446 1222 526 1291 filius
539 1270 542 1275 -
555 1222 734 1293 eumedisse
762 1223 895 1306 dieitur,
928 1219 1012 1291 haee
1038 1222 1120 1289 ratio
1143 1232 1202 1289 est.

74 1306 234 1374 Saturnus
256 1304 372 1375 dieitur
393 1307 473 1374 deus
488 1319 681 1397 temporum.
733 1310 877 1399 'l'ernpus
897 1318 1025 1386 autern,
1050 1305 1203 1395 quiequid
1234 1352 1240 1371 2

73 1391 199 1541 gignit,
218 1392 401 1475 'eonsumit3
429 1392 625 1482 saeculaque·
646 1404 740 1463 uatus
767 1417 808 1462 ex
836 1416 873 1461 se
899 1414 998 1460 annos
1019 1404 1132 1461 eontra
1150 1413 1203 1459 re·

72 1489 210 1545 verunt.
253 1479 392 1545 Satnrno
414 1476 520 1549 ferunt
541 1478 639 1547 suisne
658 1493 797 1569 quatuor
817 1480 915 1559 iiiios,
943 1478 1074 1558 Juvem,
1100 1477 1202 1543 Juno-

73 1584 168 1644 nem,
189 1562 391 1653 Neptunum,
418 1564 599 1632 Plutonem.
639 1566 784 1647 Poetae,
812 1565 953 1633 habitum
973 1560 1201 1629 elementorum
1209 1584 1245 1637 15

72 1648 253 1717 numinibus
277 1648 406 1732 dantes,
437 1650 593 1730 Saturno,
625 1654 715 1741 quasi
735 1665 912 1741 temporum
933 1646 1012 1722 deo,
1044 1647 1091 1715 IV
1112 1648 1203 1731 filins,

72 1732 108 1800 id
139 1748 190 1803 est
215 1733 386 1815 elementa,
423 1733 624 1817 adscribunt3
656 1737 728 1805 Juvi
756 1760 829 1804 eum
859 1735 947 1803 socia
973 1730 1033 1798 sibi
1063 1733 1202 1834 conjuge
1235 1776 1239 1781 -

71 1819 199 1885 Jnnone
219 1818 407 1910 deputantes
429 1821 611 1908 s,nperinra;
643 1821 794 1909 Neptuno
824 1832 857 1889 et
880 1817 1011 1886 Plutoni
1041 1819 1201 1886 inferiora.
1254 1868 1257 1874 .

72 1904 171 1970 Unde
198 1914 231 1971 et
258 1917 395 1993 quatuor
422 1903 537 1973 fratres
566 1902 651 1971 orbis
682 1907 847 1993 imperium
875 1904 1023 1969 dicuntur
1052 1903 1201 1994 interme

73 1989 225 2055 divisisse.
276 1990 322 2055 Et
341 1990 487 2075 anpiter
518 1988 650 2056 caelum.
712 1991 881 2078 Neptunus
913 1984 1074 2055 secundae
1105 1989 1243 2056 sortisse

71 2086 227 2162 regnator
260 2075 460 2160 perhibetur,
506 2074 583 2163 quia
608 2097 692 2163 aqua
729 2076 859 2142 vicinior
886 2085 937 2141 est
965 2071 1072 2153 caelo,
1105 2095 1202 2161 quarn

71 2172 169 2227 terra
215 2159 298 2227 'Pria
320 2171 426 2233 autern
446 2160 528 2229 haee
548 2161 695 2242 numina,
722 2161 797 2230 lieet
824 2161 922 2229 divisa
951 2159 1084 2245 imperia
1111 2173 1202 2226 tene·
1251 2192 1258 2201 *

72 2258 146 2326 ant,
175 2243 319 2312 ridentur
340 2257 446 2326 tamen
471 2244 605 2312 invicem
632 2247 726 2333 regni
746 2247 841 2315 tutius
863 2246 982 2323 habere
1003 2254 1201 2332 patestatem.

73 2331 130 2397 Sin
152 2342 184 2397 et
204 2331 274 2432 ipsa
294 2330 465 2409 elementa,
504 2353 588 2420 quae
616 2333 770 2413 retinent,
802 2331 934 2421 physica
954 2332 1038 2396 inter
1059 2334 1095 2397 se
1123 2352 1201 2417 qna-

72 2415 147 2483 dam
167 2429 290 2483 ratione
304 2416 502 2506 junguntur,
535 2413 622 2505 quod
652 2427 686 2484 et
708 2418 853 2506 ipsorum
881 2417 1043 2487 numinum
1073 2427 1243 2503 sceptraas
1293 2444 1298 2458 ·

71 2500 260 2587 significant.
312 2502 462 2591 iuppiter
482 2501 580 2571 enims
593 2501 700 2573 trifido
722 2504 819 2576 utitur
841 2502 989 2582 fulmine,
1031 2498 1202 2592 Neptunus

69 2586 222 2672 tridente,
242 2586 355 2659 ·Plnto
382 2588 539 2662 Cerbero.
568 2622 572 2633 =
1030 2601 1035 2612 ·

447 2759 489 2837 2.
541 2742 816 2864 duppiter.
905 2782 909 2789 ’

152 2856 295 2959 Primum
328 2888 427 2978 igitur
461 2893 604 2960 Saturna
635 2889 821 2958 adscribunt
841 2887 978 2968 iuvem,
1015 2895 1052 2956 ut
1079 2886 1198 2976 ignem.

69 2972 175 3048 Quem
194 2976 307 3043 Jovem
328 2998 349 3041 a
356 2979 520 3066 juvando
541 2979 708 3046 vocabant·
757 2972 852 3044 Nulla
869 2974 952 3041 enirn
972 2994 1025 3042 res
1043 2974 1092 3041 sie
1113 2975 1243 3045 foretne

53 3059 191 3145 emnia,
210 3059 479 3153 quemadmodum
498 3063 609 3145 calor„
697 3070 700 3075 ’
974 3066 979 3074 ’

402 3233 456 3310 ’5.
509 3237 642 3312 Jovis
680 3232 843 3335 aquila.

151 3357 264 3445 Aquila
280 3369 398 3441 ,autem
423 3360 458 3428 in
486 3362 586 3431 tutela
612 3362 700 3431 Jovis
744 3360 866 3438 unitur,
896 3359 1029 3451 ejusque
1056 3361 1198 3448 armiger

65 3439 200 3522 dieitur,
229 3444 302 3532 quia
323 3445 436 3513 nimiae
458 3448 571 3516 uniaris
594 3459 660 3529 est;
691 3385 774 3513 adeo
796 3456 833 3513 ut
856 3444 951 3512 etiarn
971 3469 1048 3527 ova,
1081 3448 1197 3538 quibus

64 3527 263 3617 supersidet,
287 3543 457 3618 coqueret,
477 3535 538 3601 nisi
558 3531 727 3600 admoneat
746 3542 908 3618 gagaten,
941 3531 1078 3619 lapidem
1107 3532 1240 3630 frigi-35

64 3613 245 3694 dissimum,
275 3628 310 3683 ut
331 3628 467 3684 testatur
486 3620 656 3687 Lucanus:
685 3617 794 3682 Foeta
824 3610 999 3701 tepefacta
1026 3615 1089 3682 snb
1110 3617 1198 3681 alate

63 3720 165 3766 saxu.
216 3699 372 3787 Pingitur
397 3705 491 3770 etiarn
518 3707 551 3772 in
579 3702 659 3770 belin
673 3729 676 3738 ·
690 3701 866 3788 Gigantum
894 3699 963 3767 Juvi
995 3726 1084 3769 arma
1108 3700 1198 3768 mini-

64 3789 195 3852 strasse.
238 3787 322 3852 Nam
346 3788 493 3878 anpiter
514 3803 547 3858 et
562 3791 719 3857 Saturnus
740 3808 776 3852 re
802 3808 837 3852 es
859 3783 994 3855 suerunt.
1037 3785 1105 3855 Sed
1122 3788 1199 3863 dnm

63 3869 213 3959 Juppiter
232 3894 306 3937 enm
331 3873 470 3941 Saturno
492 3887 585 3964 patre
613 3874 746 3941 haberet
773 3809 815 3936 de
844 3871 931 3957 agris
953 3873 1196 3950 contentionem,

64 3967 170 4022 ortum
191 3957 305 4024 beilum
329 3968 396 4042 est3
422 3959 464 4027 ad
484 3962 571 4048 qnod
592 3958 763 4047 egrediens
783 3957 948 4045 Juppiter,
977 3959 1101 4047 aquiiae
1120 3957 1239 4024 viditdu

60 4040 246 4128 augurium.
280 4043 383 4132 Cujus
405 4069 501 4133 quum
522 4046 647 4114 visisset
669 4043 822 4130 augurio,
844 4043 956 4109 fictum
979 4057 1037 4124 est,
1059 4042 1197 4132 quodsi

62 4130 221 4214 pugnanti
242 4127 305 4196 tela
328 4131 545 4200 ministrasset.
594 4129 691 4198 Unde
713 4130 856 4198 etiamn
878 4128 962 4196 seliei
983 4130 1120 4217 augurio
1141 4149 1197 4195 na·

62 4225 133 4281 tum
148 4224 216 4296 est,
238 4226 275 4282 ut
297 4216 421 4303 aquiiae
440 4218 576 4290 miiitum
589 4219 684 4304 signa
705 4215 905 4290 comitentur.
