<?xml version="1.0" encoding="UTF-8"?>
<!DOCTYPE html PUBLIC "-//W3C//DTD XHTML 1.0 Transitional//EN"
    "http://www.w3.org/TR/xhtml1/DTD/xhtml1-transitional.dtd">
<html xmlns="http://www.w3.org/1999/xhtml" xml:lang="en" lang="en">
 <head>
  <title>
</title>
<meta http-equiv="Content-Type" content="text/html;charset=utf-8" />
  <meta name='ocr-system' content='tesseract 3.04.00' />
  <meta name='ocr-capabilities' content='ocr_page ocr_carea ocr_par ocr_line ocrx_word'/>
</head>
<body>
  <div class='ocr_page' id='page_1' title='image "./scriptoresrereu01bodegoog_0166.png"; bbox 0 0 2632 4658; ppageno 0'>
   <div class='ocr_carea' id='block_1_1' title="bbox 414 98 1243 252">
    <p class='ocr_par' dir='ltr' id='par_1_1' title="bbox 414 98 1243 252">
     <span class='ocr_line' id='line_1_1' title="bbox 414 98 1243 252; baseline 0.001 -39"><span class='ocrx_word' id='word_1_1' title='bbox 414 135 601 239; x_wconf 65' lang='lat' dir='ltr'><strong>rnaogr.</strong></span> <span class='ocrx_word' id='word_1_2' title='bbox 628 134 681 209; x_wconf 91' lang='lat' dir='ltr'><strong>u.</strong></span> <span class='ocrx_word' id='word_1_3' title='bbox 733 130 828 210; x_wconf 82' lang='lat' dir='ltr'><strong>aaa.</strong></span> <span class='ocrx_word' id='word_1_4' title='bbox 878 98 880 103; x_wconf 77' lang='grc'><strong>’</strong></span> <span class='ocrx_word' id='word_1_5' title='bbox 923 229 928 252; x_wconf 32' lang='grc' dir='ltr'>Ι</span> <span class='ocrx_word' id='word_1_6' title='bbox 1061 102 1065 116; x_wconf 87' lang='grc'><strong>’</strong></span> <span class='ocrx_word' id='word_1_7' title='bbox 1110 136 1191 215; x_wconf 75' lang='lat' dir='ltr'><strong>rra</strong></span> <span class='ocrx_word' id='word_1_8' title='bbox 1239 107 1243 113; x_wconf 77' lang='grc'><strong>’</strong></span> 
     </span>
    </p>
   </div>
   <div class='ocr_carea' id='block_1_2' title="bbox 10 300 1304 3530">
    <p class='ocr_par' dir='ltr' id='par_1_2' title="bbox 10 300 1304 3530">
     <span class='ocr_line' id='line_1_2' title="bbox 59 300 1296 469; baseline -0.002 -80"><span class='ocrx_word' id='word_1_9' title='bbox 59 300 176 389; x_wconf 76' lang='lat' dir='ltr'><strong>lovem</strong></span> <span class='ocrx_word' id='word_1_10' title='bbox 204 341 307 407; x_wconf 86' lang='lat' dir='ltr'><strong>regno</strong></span> <span class='ocrx_word' id='word_1_11' title='bbox 328 315 481 469; x_wconf 40' lang='lat' dir='ltr'><strong>&#39;lpdloret</strong></span> <span class='ocrx_word' id='word_1_12' title='bbox 524 318 668 408; x_wconf 77' lang='lat' dir='ltr'><strong>luppiter</strong></span> <span class='ocrx_word' id='word_1_13' title='bbox 706 331 813 388; x_wconf 84' lang='lat' dir='ltr'><strong>autem</strong></span> <span class='ocrx_word' id='word_1_14' title='bbox 851 340 921 396; x_wconf 86' lang='lat' dir='ltr'><strong>eam</strong></span> <span class='ocrx_word' id='word_1_15' title='bbox 948 318 1051 409; x_wconf 77' lang='lat' dir='ltr'><strong>Junxit</strong></span> <span class='ocrx_word' id='word_1_16' title='bbox 1077 319 1188 387; x_wconf 90' lang='lat' dir='ltr'><strong>Peleo.</strong></span> <span class='ocrx_word' id='word_1_17' title='bbox 1288 340 1296 352; x_wconf 81' lang='lat'><strong><em>‘</em></strong></span> 
     </span>
     <span class='ocr_line' id='line_1_3' title="bbox 59 398 1217 507; baseline 0.004 -35"><span class='ocrx_word' id='word_1_18' title='bbox 59 407 181 497; x_wconf 82' lang='lat' dir='ltr'><strong>Peleus</strong></span> <span class='ocrx_word' id='word_1_19' title='bbox 204 408 303 507; x_wconf 84' lang='lat' dir='ltr'><strong>igitur</strong></span> <span class='ocrx_word' id='word_1_20' title='bbox 362 402 499 469; x_wconf 90' lang='lat' dir='ltr'><strong>hetidem</strong></span> <span class='ocrx_word' id='word_1_21' title='bbox 530 402 670 481; x_wconf 89' lang='lat' dir='ltr'><strong>ducens,</strong></span> <span class='ocrx_word' id='word_1_22' title='bbox 699 406 900 492; x_wconf 83' lang='lat' dir='ltr'><strong>magnificum</strong></span> <span class='ocrx_word' id='word_1_23' title='bbox 922 404 999 474; x_wconf 84' lang='lat' dir='ltr'><strong>fecit</strong></span> <span class='ocrx_word' id='word_1_24' title='bbox 1017 398 1217 477; x_wconf 74' lang='lat' dir='ltr'><strong>coniicium&#39;</strong></span> 
     </span>
     <span class='ocr_line' id='line_1_4' title="bbox 54 487 1190 565; baseline 0 -8"><span class='ocrx_word' id='word_1_25' title='bbox 54 493 121 565; x_wconf 87' lang='lat' dir='ltr'><strong>diis</strong></span> <span class='ocrx_word' id='word_1_26' title='bbox 142 504 175 560; x_wconf 87' lang='lat' dir='ltr'><strong>et</strong></span> <span class='ocrx_word' id='word_1_27' title='bbox 196 491 318 558; x_wconf 85' lang='lat' dir='ltr'>deabus</span> <span class='ocrx_word' id='word_1_28' title='bbox 338 489 490 553; x_wconf 86' lang='lat' dir='ltr'><strong>omnibus.</strong></span> <span class='ocrx_word' id='word_1_29' title='bbox 546 488 622 555; x_wconf 90' lang='lat' dir='ltr'><strong>Sola</strong></span> <span class='ocrx_word' id='word_1_30' title='bbox 654 487 824 558; x_wconf 81' lang='lat' dir='ltr'>Discordia</span> <span class='ocrx_word' id='word_1_31' title='bbox 858 489 983 557; x_wconf 90' lang='lat' dir='ltr'><strong>minime</strong></span> <span class='ocrx_word' id='word_1_32' title='bbox 1008 487 1190 557; x_wconf 87' lang='lat' dir='ltr'><strong>introducta</strong></span> 
     </span>
     <span class='ocr_line' id='line_1_5' title="bbox 58 573 1188 666; baseline -0.001 -24"><span class='ocrx_word' id='word_1_33' title='bbox 58 589 122 645; x_wconf 85' lang='lat' dir='ltr'><strong>est.</strong></span> <span class='ocrx_word' id='word_1_34' title='bbox 164 578 257 651; x_wconf 84' lang='lat' dir='ltr'><strong>Quae</strong></span> <span class='ocrx_word' id='word_1_35' title='bbox 279 578 321 643; x_wconf 93' lang='lat' dir='ltr'><strong>ob</strong></span> <span class='ocrx_word' id='word_1_36' title='bbox 343 573 405 638; x_wconf 88' lang='lat' dir='ltr'><strong>hoc</strong></span> <span class='ocrx_word' id='word_1_37' title='bbox 422 573 502 639; x_wconf 88' lang='lat' dir='ltr'><strong>irata</strong></span> <span class='ocrx_word' id='word_1_38' title='bbox 523 594 656 641; x_wconf 87' lang='lat' dir='ltr'><strong>aureum</strong></span> <span class='ocrx_word' id='word_1_39' title='bbox 674 597 802 661; x_wconf 92' lang='lat' dir='ltr'><strong>pomum</strong></span> <span class='ocrx_word' id='word_1_40' title='bbox 818 575 951 666; x_wconf 86' lang='lat' dir='ltr'><strong>jactarit</strong></span> <span class='ocrx_word' id='word_1_41' title='bbox 969 576 1000 642; x_wconf 88' lang='lat' dir='ltr'><strong>in</strong></span> <span class='ocrx_word' id='word_1_42' title='bbox 1016 574 1188 641; x_wconf 76' lang='lat' dir='ltr'><strong>convivium</strong></span> 
     </span>
     <span class='ocr_line' id='line_1_6' title="bbox 64 657 1213 747; baseline -0.001 -19"><span class='ocrx_word' id='word_1_43' title='bbox 64 664 148 728; x_wconf 87' lang='lat' dir='ltr'><strong>inter</strong></span> <span class='ocrx_word' id='word_1_44' title='bbox 164 658 321 727; x_wconf 83' lang='lat' dir='ltr'><strong>Venerem</strong></span> <span class='ocrx_word' id='word_1_45' title='bbox 350 668 383 723; x_wconf 91' lang='lat' dir='ltr'><strong>et</strong></span> <span class='ocrx_word' id='word_1_46' title='bbox 402 657 574 724; x_wconf 86' lang='lat' dir='ltr'><strong>Minervam</strong></span> <span class='ocrx_word' id='word_1_47' title='bbox 606 672 639 727; x_wconf 91' lang='lat' dir='ltr'><strong>et</strong></span> <span class='ocrx_word' id='word_1_48' title='bbox 657 659 831 740; x_wconf 82' lang='lat' dir='ltr'><strong>lunonem,</strong></span> <span class='ocrx_word' id='word_1_49' title='bbox 862 662 894 727; x_wconf 92' lang='lat' dir='ltr'><strong>in</strong></span> <span class='ocrx_word' id='word_1_50' title='bbox 915 683 978 747; x_wconf 90' lang='lat' dir='ltr'><strong>quo</strong></span> <span class='ocrx_word' id='word_1_51' title='bbox 1000 671 1069 727; x_wconf 91' lang='lat' dir='ltr'><strong>erat</strong></span> <span class='ocrx_word' id='word_1_52' title='bbox 1089 660 1213 747; x_wconf 76' lang='lat' dir='ltr'><strong>scripo</strong></span> 
     </span>
     <span class='ocr_line' id='line_1_7' title="bbox 58 740 1191 829; baseline -0.003 -16"><span class='ocrx_word' id='word_1_53' title='bbox 58 760 142 813; x_wconf 87' lang='lat' dir='ltr'><strong>tum:</strong></span> <span class='ocrx_word' id='word_1_54' title='bbox 167 742 447 811; x_wconf 75' lang='lat' dir='ltr'><strong>Palclaerrimom</strong></span> <span class='ocrx_word' id='word_1_55' title='bbox 466 740 596 807; x_wconf 80' lang='lat' dir='ltr'><strong>donum</strong></span> <span class='ocrx_word' id='word_1_56' title='bbox 611 745 868 829; x_wconf 78' lang='lat' dir='ltr'><strong>pulcherrimae</strong></span> <span class='ocrx_word' id='word_1_57' title='bbox 887 744 982 811; x_wconf 82' lang='lat' dir='ltr'><strong>deae.</strong></span> <span class='ocrx_word' id='word_1_58' title='bbox 1022 743 1086 811; x_wconf 90' lang='lat' dir='ltr'><strong>Illis</strong></span> <span class='ocrx_word' id='word_1_59' title='bbox 1109 743 1191 812; x_wconf 88' lang='lat' dir='ltr'><strong>inter</strong></span> 
     </span>
     <span class='ocr_line' id='line_1_8' title="bbox 59 826 1192 920; baseline -0.003 -22"><span class='ocrx_word' id='word_1_60' title='bbox 59 856 97 898; x_wconf 89' lang='lat' dir='ltr'><strong>se</strong></span> <span class='ocrx_word' id='word_1_61' title='bbox 113 831 325 920; x_wconf 89' lang='lat' dir='ltr'><strong>jactantibus,</strong></span> <span class='ocrx_word' id='word_1_62' title='bbox 360 848 443 914; x_wconf 88' lang='lat' dir='ltr'><strong>quae</strong></span> <span class='ocrx_word' id='word_1_63' title='bbox 472 839 558 894; x_wconf 88' lang='lat' dir='ltr'><strong>esset</strong></span> <span class='ocrx_word' id='word_1_64' title='bbox 586 828 813 915; x_wconf 89' lang='lat' dir='ltr'><strong>pulcherrima,</strong></span> <span class='ocrx_word' id='word_1_65' title='bbox 849 844 883 896; x_wconf 87' lang='lat' dir='ltr'><strong>et</strong></span> <span class='ocrx_word' id='word_1_66' title='bbox 901 831 953 895; x_wconf 92' lang='lat' dir='ltr'><strong>cui</strong></span> <span class='ocrx_word' id='word_1_67' title='bbox 974 853 1101 919; x_wconf 90' lang='lat' dir='ltr'><strong>pomum</strong></span> <span class='ocrx_word' id='word_1_68' title='bbox 1123 826 1192 917; x_wconf 86' lang='lat' dir='ltr'><strong>dari</strong></span> 
     </span>
     <span class='ocr_line' id='line_1_9' title="bbox 60 906 1192 1013; baseline -0.002 -32"><span class='ocrx_word' id='word_1_69' title='bbox 60 919 214 996; x_wconf 78' lang='lat' dir='ltr'><strong>deberet,</strong></span> <span class='ocrx_word' id='word_1_70' title='bbox 248 913 358 990; x_wconf 88' lang='lat' dir='ltr'><strong>Paris,</strong></span> <span class='ocrx_word' id='word_1_71' title='bbox 400 910 480 976; x_wconf 86' lang='lat' dir='ltr'><strong>filius</strong></span> <span class='ocrx_word' id='word_1_72' title='bbox 513 911 649 992; x_wconf 80' lang='lat' dir='ltr'><strong>Priami,</strong></span> <span class='ocrx_word' id='word_1_73' title='bbox 675 906 774 1013; x_wconf 77' lang='lat' dir='ltr'><strong>judex</strong></span> <span class='ocrx_word' id='word_1_74' title='bbox 804 914 1016 1000; x_wconf 73' lang='lat' dir='ltr'><strong>intromissus,</strong></span> <span class='ocrx_word' id='word_1_75' title='bbox 1058 914 1192 980; x_wconf 87' lang='lat' dir='ltr'><strong>formam</strong></span> 
     </span>
     <span class='ocr_line' id='line_1_10' title="bbox 59 993 1192 1088; baseline -0.004 -20"><span class='ocrx_word' id='word_1_76' title='bbox 59 1000 196 1068; x_wconf 82' lang='lat' dir='ltr'><strong>Veneria</strong></span> <span class='ocrx_word' id='word_1_77' title='bbox 213 999 330 1066; x_wconf 87' lang='lat' dir='ltr'><strong>Junoni</strong></span> <span class='ocrx_word' id='word_1_78' title='bbox 350 1006 383 1062; x_wconf 91' lang='lat' dir='ltr'><strong>et</strong></span> <span class='ocrx_word' id='word_1_79' title='bbox 402 993 563 1062; x_wconf 87' lang='lat' dir='ltr'><strong>Minervae</strong></span> <span class='ocrx_word' id='word_1_80' title='bbox 613 1004 790 1080; x_wconf 87' lang='lat' dir='ltr'><strong>raelerens,</strong></span> <span class='ocrx_word' id='word_1_81' title='bbox 822 1020 954 1065; x_wconf 84' lang='lat' dir='ltr'><strong>aureum</strong></span> <span class='ocrx_word' id='word_1_82' title='bbox 985 1022 1113 1088; x_wconf 91' lang='lat' dir='ltr'><strong>pomum</strong></span> <span class='ocrx_word' id='word_1_83' title='bbox 1132 998 1192 1087; x_wconf 79' lang='lat' dir='ltr'><strong>ipsi</strong></span> 
     </span>
     <span class='ocr_line' id='line_1_11' title="bbox 59 1021 1243 1173; baseline 0.002 -21"><span class='ocrx_word' id='word_1_84' title='bbox 59 1085 234 1153; x_wconf 79' lang='lat' dir='ltr'><strong>vindicavit.</strong></span> <span class='ocrx_word' id='word_1_85' title='bbox 276 1078 372 1150; x_wconf 84' lang='lat' dir='ltr'><strong>Unde</strong></span> <span class='ocrx_word' id='word_1_86' title='bbox 397 1091 432 1147; x_wconf 87' lang='lat' dir='ltr'><strong>et</strong></span> <span class='ocrx_word' id='word_1_87' title='bbox 452 1094 563 1169; x_wconf 85' lang='lat' dir='ltr'><strong>postea</strong></span> <span class='ocrx_word' id='word_1_88' title='bbox 584 1021 715 1149; x_wconf 68' lang='lat' dir='ltr'><strong>lenatia</strong></span> <span class='ocrx_word' id='word_1_89' title='bbox 745 1083 857 1151; x_wconf 90' lang='lat' dir='ltr'><strong>auxilio</strong></span> <span class='ocrx_word' id='word_1_90' title='bbox 892 1086 1039 1172; x_wconf 80' lang='lat' dir='ltr'>Spartam</span> <span class='ocrx_word' id='word_1_91' title='bbox 1069 1090 1189 1173; x_wconf 76' lang='lat' dir='ltr'><strong>eipug-</strong></span> <span class='ocrx_word' id='word_1_92' title='bbox 1197 1103 1243 1171; x_wconf 30' lang='lat'><strong>10,</strong></span> 
     </span>
     <span class='ocr_line' id='line_1_12' title="bbox 59 1165 1192 1267; baseline -0.004 -31"><span class='ocrx_word' id='word_1_93' title='bbox 59 1170 186 1249; x_wconf 92' lang='lat' dir='ltr'><strong>nando,</strong></span> <span class='ocrx_word' id='word_1_94' title='bbox 214 1170 369 1236; x_wconf 80' lang='lat' dir='ltr'><strong>Helenam</strong></span> <span class='ocrx_word' id='word_1_95' title='bbox 389 1165 501 1267; x_wconf 85' lang='lat' dir='ltr'><strong>rapuit.</strong></span> <span class='ocrx_word' id='word_1_96' title='bbox 555 1166 621 1233; x_wconf 93' lang='lat' dir='ltr'><strong>Sed</strong></span> <span class='ocrx_word' id='word_1_97' title='bbox 643 1189 699 1255; x_wconf 90' lang='lat' dir='ltr'><strong>pro</strong></span> <span class='ocrx_word' id='word_1_98' title='bbox 723 1180 772 1236; x_wconf 91' lang='lat' dir='ltr'><strong>ter</strong></span> <span class='ocrx_word' id='word_1_99' title='bbox 790 1166 923 1259; x_wconf 33' lang='lat' dir='ltr'><strong>Paridis·</strong></span> <span class='ocrx_word' id='word_1_100' title='bbox 933 1168 1086 1257; x_wconf 84' lang='lat' dir='ltr'><strong>judicium</strong></span> <span class='ocrx_word' id='word_1_101' title='bbox 1107 1168 1192 1234; x_wconf 85' lang='lat' dir='ltr'><strong>Juno</strong></span> 
     </span>
     <span class='ocr_line' id='line_1_13' title="bbox 10 1246 1193 1343; baseline -0.001 -22"><span class='ocrx_word' id='word_1_102' title='bbox 10 1314 12 1321; x_wconf 92' lang='lat'>.</span> <span class='ocrx_word' id='word_1_103' title='bbox 60 1276 190 1323; x_wconf 91' lang='lat' dir='ltr'><strong>semer</strong></span> <span class='ocrx_word' id='word_1_104' title='bbox 217 1267 331 1343; x_wconf 88' lang='lat' dir='ltr'><strong>postea</strong></span> <span class='ocrx_word' id='word_1_105' title='bbox 359 1246 507 1340; x_wconf 69' lang='lat' dir='ltr'><strong>Trojanis</strong></span> <span class='ocrx_word' id='word_1_106' title='bbox 533 1250 657 1318; x_wconf 92' lang='lat' dir='ltr'><strong>inimica</strong></span> <span class='ocrx_word' id='word_1_107' title='bbox 700 1248 753 1323; x_wconf 88' lang='lat' dir='ltr'><strong>uit.·</strong></span> <span class='ocrx_word' id='word_1_108' title='bbox 802 1253 920 1321; x_wconf 86' lang='lat' dir='ltr'><strong>Genuit</strong></span> <span class='ocrx_word' id='word_1_109' title='bbox 948 1265 1052 1322; x_wconf 90' lang='lat' dir='ltr'><strong>autem</strong></span> <span class='ocrx_word' id='word_1_110' title='bbox 1080 1252 1193 1320; x_wconf 81' lang='lat' dir='ltr'><strong>Thetis</strong></span> 
     </span>
     <span class='ocr_line' id='line_1_14' title="bbox 60 1334 1195 1427; baseline -0.003 -20"><span class='ocrx_word' id='word_1_111' title='bbox 60 1364 100 1407; x_wconf 88' lang='lat' dir='ltr'><strong>ex</strong></span> <span class='ocrx_word' id='word_1_112' title='bbox 151 1339 220 1406; x_wconf 90' lang='lat' dir='ltr'><strong>eleo</strong></span> <span class='ocrx_word' id='word_1_113' title='bbox 240 1335 400 1406; x_wconf 81' lang='lat' dir='ltr'><strong>Achillem.</strong></span> <span class='ocrx_word' id='word_1_114' title='bbox 448 1335 501 1402; x_wconf 90' lang='lat' dir='ltr'><strong>De</strong></span> <span class='ocrx_word' id='word_1_115' title='bbox 520 1334 609 1403; x_wconf 84' lang='lat' dir='ltr'><strong>cu&#39;us</strong></span> <span class='ocrx_word' id='word_1_116' title='bbox 630 1350 733 1407; x_wconf 87' lang='lat' dir='ltr'><strong>morte</strong></span> <span class='ocrx_word' id='word_1_117' title='bbox 752 1362 849 1427; x_wconf 85' lang='lat' dir='ltr'><strong>quum</strong></span> <span class='ocrx_word' id='word_1_118' title='bbox 870 1339 1013 1418; x_wconf 87' lang='lat' dir='ltr'><strong>timeret,</strong></span> <span class='ocrx_word' id='word_1_119' title='bbox 1047 1361 1086 1404; x_wconf 92' lang='lat' dir='ltr'><strong>eo</strong></span> <span class='ocrx_word' id='word_1_120' title='bbox 1107 1337 1195 1427; x_wconf 87' lang='lat' dir='ltr'><strong>quod</strong></span> 
     </span>
     <span class='ocr_line' id='line_1_15' title="bbox 61 1358 1193 1514; baseline -0.004 -23"><span class='ocrx_word' id='word_1_121' title='bbox 61 1449 83 1491; x_wconf 91' lang='lat' dir='ltr'><strong>a</strong></span> <span class='ocrx_word' id='word_1_122' title='bbox 103 1436 195 1514; x_wconf 90' lang='lat' dir='ltr'><strong>patre</strong></span> <span class='ocrx_word' id='word_1_123' title='bbox 219 1435 304 1493; x_wconf 85' lang='lat' dir='ltr'><strong>esset</strong></span> <span class='ocrx_word' id='word_1_124' title='bbox 317 1419 480 1507; x_wconf 84' lang='lat' dir='ltr'><strong>mortalis,</strong></span> <span class='ocrx_word' id='word_1_125' title='bbox 510 1432 543 1488; x_wconf 88' lang='lat' dir='ltr'><strong>et</strong></span> <span class='ocrx_word' id='word_1_126' title='bbox 555 1358 642 1488; x_wconf 79' lang='lat' dir='ltr'><strong>iaec</strong></span> <span class='ocrx_word' id='word_1_127' title='bbox 663 1435 848 1510; x_wconf 83' lang='lat' dir='ltr'><strong>quereretur</strong></span> <span class='ocrx_word' id='word_1_128' title='bbox 877 1422 963 1512; x_wconf 88' lang='lat' dir='ltr'><strong>apud</strong></span> <span class='ocrx_word' id='word_1_129' title='bbox 992 1424 1193 1513; x_wconf 88' lang='lat' dir='ltr'><strong>Neptunum;</strong></span> 
     </span>
     <span class='ocr_line' id='line_1_16' title="bbox 60 1507 1235 1599; baseline -0.003 -21"><span class='ocrx_word' id='word_1_130' title='bbox 60 1511 232 1599; x_wconf 84' lang='lat' dir='ltr'><strong>Neptunus</strong></span> <span class='ocrx_word' id='word_1_131' title='bbox 253 1510 312 1588; x_wconf 89' lang='lat' dir='ltr'><strong>ait,</strong></span> <span class='ocrx_word' id='word_1_132' title='bbox 343 1527 408 1571; x_wconf 90' lang='lat' dir='ltr'><strong>non</strong></span> <span class='ocrx_word' id='word_1_133' title='bbox 428 1528 498 1572; x_wconf 91' lang='lat' dir='ltr'><strong>esse</strong></span> <span class='ocrx_word' id='word_1_134' title='bbox 519 1507 691 1581; x_wconf 85' lang='lat' dir='ltr'><strong>timendum</strong></span> <span class='ocrx_word' id='word_1_135' title='bbox 723 1508 765 1574; x_wconf 89' lang='lat' dir='ltr'><strong>de</strong></span> <span class='ocrx_word' id='word_1_136' title='bbox 785 1532 846 1589; x_wconf 84' lang='lat' dir='ltr'><strong>eo,</strong></span> <span class='ocrx_word' id='word_1_137' title='bbox 874 1508 948 1598; x_wconf 88' lang='lat' dir='ltr'><strong>quia</strong></span> <span class='ocrx_word' id='word_1_138' title='bbox 973 1508 1042 1579; x_wconf 89' lang='lat' dir='ltr'><strong>talis</strong></span> <span class='ocrx_word' id='word_1_139' title='bbox 1069 1509 1235 1577; x_wconf 73' lang='lat' dir='ltr'><strong>iuturuslb</strong></span> 
     </span>
     <span class='ocr_line' id='line_1_17' title="bbox 61 1590 1222 1678; baseline -0.002 -15"><span class='ocrx_word' id='word_1_140' title='bbox 61 1605 169 1676; x_wconf 83' lang='lat' dir='ltr'><strong>¹esset,</strong></span> <span class='ocrx_word' id='word_1_141' title='bbox 196 1607 233 1663; x_wconf 92' lang='lat' dir='ltr'><strong>ut</strong></span> <span class='ocrx_word' id='word_1_142' title='bbox 252 1591 402 1661; x_wconf 87' lang='lat' dir='ltr'><strong>credatur</strong></span> <span class='ocrx_word' id='word_1_143' title='bbox 430 1590 491 1656; x_wconf 91' lang='lat' dir='ltr'><strong>deo</strong></span> <span class='ocrx_word' id='word_1_144' title='bbox 511 1593 648 1678; x_wconf 88' lang='lat' dir='ltr'><strong>genitus.</strong></span> <span class='ocrx_word' id='word_1_145' title='bbox 691 1595 804 1662; x_wconf 79' lang='lat' dir='ltr'><strong>Thetis</strong></span> <span class='ocrx_word' id='word_1_146' title='bbox 824 1607 946 1677; x_wconf 86' lang='lat' dir='ltr'><strong>tamen,</strong></span> <span class='ocrx_word' id='word_1_147' title='bbox 984 1594 1051 1663; x_wconf 87' lang='lat' dir='ltr'><strong>sata</strong></span> <span class='ocrx_word' id='word_1_148' title='bbox 1071 1592 1222 1661; x_wconf 78' lang='lat' dir='ltr'><strong>A&#39;c&#39;billis&#39;&#39;&#39;</strong></span> 
     </span>
     <span class='ocr_line' id='line_1_18' title="bbox 62 1676 1195 1770; baseline -0.002 -23"><span class='ocrx_word' id='word_1_149' title='bbox 62 1682 195 1760; x_wconf 84' lang='lat' dir='ltr'><strong>timens,</strong></span> <span class='ocrx_word' id='word_1_150' title='bbox 229 1692 301 1746; x_wconf 88' lang='lat' dir='ltr'><strong>eum</strong></span> <span class='ocrx_word' id='word_1_151' title='bbox 324 1679 356 1744; x_wconf 92' lang='lat' dir='ltr'><strong>in</strong></span> <span class='ocrx_word' id='word_1_152' title='bbox 379 1676 523 1766; x_wconf 83' lang='lat' dir='ltr'><strong>Stygiam</strong></span> <span class='ocrx_word' id='word_1_153' title='bbox 547 1677 693 1766; x_wconf 82' lang='lat' dir='ltr'><strong>paludem</strong></span> <span class='ocrx_word' id='word_1_154' title='bbox 710 1678 818 1761; x_wconf 89' lang='lat' dir='ltr'><strong>tinxit;</strong></span> <span class='ocrx_word' id='word_1_155' title='bbox 848 1679 934 1747; x_wconf 89' lang='lat' dir='ltr'><strong>unde</strong></span> <span class='ocrx_word' id='word_1_156' title='bbox 962 1680 1030 1749; x_wconf 78' lang='lat' dir='ltr'><strong>toto</strong></span> <span class='ocrx_word' id='word_1_157' title='bbox 1059 1682 1195 1770; x_wconf 71' lang='lat' dir='ltr'><strong>corpore</strong></span> 
     </span>
     <span class='ocr_line' id='line_1_19' title="bbox 62 1760 1194 1851; baseline -0.002 -20"><span class='ocrx_word' id='word_1_158' title='bbox 62 1763 292 1843; x_wconf 86' lang='lat' dir='ltr'><strong>invulnerabilis</strong></span> <span class='ocrx_word' id='word_1_159' title='bbox 314 1764 393 1846; x_wconf 86' lang='lat' dir='ltr'><strong>fuit,</strong></span> <span class='ocrx_word' id='word_1_160' title='bbox 423 1760 558 1848; x_wconf 87' lang='lat' dir='ltr'><strong>excepto</strong></span> <span class='ocrx_word' id='word_1_161' title='bbox 587 1762 667 1851; x_wconf 80' lang='lat' dir='ltr'><strong>rato,</strong></span> <span class='ocrx_word' id='word_1_162' title='bbox 698 1764 753 1851; x_wconf 83' lang='lat' dir='ltr'><strong>qui</strong></span> <span class='ocrx_word' id='word_1_163' title='bbox 772 1768 880 1832; x_wconf 89' lang='lat' dir='ltr'><strong>matris</strong></span> <span class='ocrx_word' id='word_1_164' title='bbox 902 1786 997 1831; x_wconf 88' lang='lat' dir='ltr'><strong>manu</strong></span> <span class='ocrx_word' id='word_1_165' title='bbox 1018 1760 1194 1847; x_wconf 73' lang='lat' dir='ltr'><strong>tenebatur.</strong></span> 
     </span>
     <span class='ocr_line' id='line_1_20' title="bbox 63 1828 1196 1936; baseline -0.003 -18"><span class='ocrx_word' id='word_1_166' title='bbox 63 1849 132 1918; x_wconf 85' lang='lat' dir='ltr'><strong>Sed</strong></span> <span class='ocrx_word' id='word_1_167' title='bbox 153 1849 285 1917; x_wconf 86' lang='lat' dir='ltr'><strong>Achilles</strong></span> <span class='ocrx_word' id='word_1_168' title='bbox 307 1850 393 1917; x_wconf 86' lang='lat' dir='ltr'><strong>eirca</strong></span> <span class='ocrx_word' id='word_1_169' title='bbox 411 1828 519 1912; x_wconf 79' lang='lat' dir='ltr'><strong>murds</strong></span> <span class='ocrx_word' id='word_1_170' title='bbox 539 1847 659 1935; x_wconf 77' lang='lat' dir='ltr'><strong>&#39;frojae</strong></span> <span class='ocrx_word' id='word_1_171' title='bbox 678 1849 796 1916; x_wconf 91' lang='lat' dir='ltr'><strong>bellum</strong></span> <span class='ocrx_word' id='word_1_172' title='bbox 812 1872 939 1936; x_wconf 87' lang='lat' dir='ltr'><strong>gerens,</strong></span> <span class='ocrx_word' id='word_1_173' title='bbox 957 1872 1054 1935; x_wconf 85' lang='lat' dir='ltr'><strong>quum</strong></span> <span class='ocrx_word' id='word_1_174' title='bbox 1067 1850 1196 1933; x_wconf 81' lang='lat' dir='ltr'><strong>&#39;fureret</strong></span> 
     </span>
     <span class='ocr_line' id='line_1_21' title="bbox 61 1932 1237 2021; baseline -0.003 -19"><span class='ocrx_word' id='word_1_175' title='bbox 61 1934 215 2002; x_wconf 85' lang='lat' dir='ltr'><strong>adversus</strong></span> <span class='ocrx_word' id='word_1_176' title='bbox 239 1939 509 2021; x_wconf 81' lang='lat' dir='ltr'><strong>Agamemnonem</strong></span> <span class='ocrx_word' id='word_1_177' title='bbox 525 1945 657 2020; x_wconf 83' lang='lat' dir='ltr'><strong>propter</strong></span> <span class='ocrx_word' id='word_1_178' title='bbox 677 1933 871 2014; x_wconf 81' lang='lat' dir='ltr'><strong>Briseidem,</strong></span> <span class='ocrx_word' id='word_1_179' title='bbox 891 1935 1012 2009; x_wconf 66' lang='lat' dir='ltr'><strong>noluit,</strong></span> <span class='ocrx_word' id='word_1_180' title='bbox 1051 1933 1118 2019; x_wconf 89' lang='lat' dir='ltr'><strong>redi</strong></span> <span class='ocrx_word' id='word_1_181' title='bbox 1138 1932 1237 1999; x_wconf 64' lang='lat' dir='ltr'><strong>adssao</strong></span> 
     </span>
     <span class='ocr_line' id='line_1_22' title="bbox 61 2016 1196 2110; baseline -0.003 -24"><span class='ocrx_word' id='word_1_182' title='bbox 61 2042 173 2088; x_wconf 80' lang='lat' dir='ltr'><strong>versus</strong></span> <span class='ocrx_word' id='word_1_183' title='bbox 192 2021 361 2110; x_wconf 78' lang='lat' dir='ltr'><strong>Trojanos.</strong></span> <span class='ocrx_word' id='word_1_184' title='bbox 404 2016 553 2103; x_wconf 81' lang='lat' dir='ltr'><strong>Rogatus</strong></span> <span class='ocrx_word' id='word_1_185' title='bbox 575 2029 700 2095; x_wconf 89' lang='lat' dir='ltr'><strong>autem,</strong></span> <span class='ocrx_word' id='word_1_186' title='bbox 722 2030 759 2085; x_wconf 89' lang='lat' dir='ltr'><strong>ut</strong></span> <span class='ocrx_word' id='word_1_187' title='bbox 779 2019 889 2105; x_wconf 88' lang='lat' dir='ltr'><strong>saltem</strong></span> <span class='ocrx_word' id='word_1_188' title='bbox 908 2019 1028 2087; x_wconf 88' lang='lat' dir='ltr'><strong>Patroc</strong></span> <span class='ocrx_word' id='word_1_189' title='bbox 1067 2017 1196 2099; x_wconf 81' lang='lat' dir='ltr'><strong>,sodali</strong></span> 
     </span>
     <span class='ocr_line' id='line_1_23' title="bbox 63 2100 1237 2194; baseline -0.002 -23"><span class='ocrx_word' id='word_1_190' title='bbox 63 2127 142 2186; x_wconf 92' lang='lat' dir='ltr'><strong>suo,</strong></span> <span class='ocrx_word' id='word_1_191' title='bbox 170 2103 224 2194; x_wconf 89' lang='lat' dir='ltr'><strong>qui</strong></span> <span class='ocrx_word' id='word_1_192' title='bbox 254 2116 346 2172; x_wconf 91' lang='lat' dir='ltr'><strong>antea</strong></span> <span class='ocrx_word' id='word_1_193' title='bbox 366 2106 399 2170; x_wconf 92' lang='lat' dir='ltr'><strong>in</strong></span> <span class='ocrx_word' id='word_1_194' title='bbox 419 2101 561 2189; x_wconf 74' lang='lat' dir='ltr'><strong>Trojano</strong></span> <span class='ocrx_word' id='word_1_195' title='bbox 582 2101 663 2168; x_wconf 93' lang='lat' dir='ltr'><strong>bello</strong></span> <span class='ocrx_word' id='word_1_196' title='bbox 685 2102 921 2192; x_wconf 72' lang='lat' dir='ltr'><strong>Sarpedonem,</strong></span> <span class='ocrx_word' id='word_1_197' title='bbox 949 2104 1035 2171; x_wconf 87' lang='lat' dir='ltr'><strong>Jovis</strong></span> <span class='ocrx_word' id='word_1_198' title='bbox 1057 2115 1091 2191; x_wconf 78' lang='lat' dir='ltr'><strong>pt</strong></span> <span class='ocrx_word' id='word_1_199' title='bbox 1111 2100 1196 2193; x_wconf 59' lang='lat' dir='ltr'><strong>Lapf</strong></span> <span class='ocrx_word' id='word_1_200' title='bbox 1233 2163 1237 2169; x_wconf 83' lang='lat'>.</span> 
     </span>
     <span class='ocr_line' id='line_1_24' title="bbox 63 2186 1197 2269; baseline -0.002 -14"><span class='ocrx_word' id='word_1_201' title='bbox 63 2190 190 2257; x_wconf 88' lang='lat' dir='ltr'><strong>dumiae</strong></span> <span class='ocrx_word' id='word_1_202' title='bbox 211 2188 325 2266; x_wconf 87' lang='lat' dir='ltr'><strong>lilium,</strong></span> <span class='ocrx_word' id='word_1_203' title='bbox 346 2186 526 2267; x_wconf 86' lang='lat' dir='ltr'><strong>occiderat,</strong></span> <span class='ocrx_word' id='word_1_204' title='bbox 554 2209 641 2254; x_wconf 89' lang='lat' dir='ltr'><strong>arma</strong></span> <span class='ocrx_word' id='word_1_205' title='bbox 662 2210 737 2265; x_wconf 75' lang='lat' dir='ltr'><strong>sua,</strong></span> <span class='ocrx_word' id='word_1_206' title='bbox 763 2188 896 2255; x_wconf 80' lang='lat' dir='ltr'><strong>Vulcani</strong></span> <span class='ocrx_word' id='word_1_207' title='bbox 916 2212 1010 2257; x_wconf 91' lang='lat' dir='ltr'><strong>manu</strong></span> <span class='ocrx_word' id='word_1_208' title='bbox 1032 2187 1197 2269; x_wconf 73' lang='lat' dir='ltr'><strong>fabricata,</strong></span> 
     </span>
     <span class='ocr_line' id='line_1_25' title="bbox 61 2270 1195 2378; baseline -0.003 -38"><span class='ocrx_word' id='word_1_209' title='bbox 61 2272 254 2378; x_wconf 82' lang='lat' dir='ltr'><strong>praestaret,</strong></span> <span class='ocrx_word' id='word_1_210' title='bbox 284 2273 496 2363; x_wconf 85' lang='lat' dir='ltr'><strong>persuadente</strong></span> <span class='ocrx_word' id='word_1_211' title='bbox 524 2270 651 2354; x_wconf 87' lang='lat' dir='ltr'><strong>demum</strong></span> <span class='ocrx_word' id='word_1_212' title='bbox 682 2273 792 2355; x_wconf 83' lang='lat' dir='ltr'><strong>Ulixe,</strong></span> <span class='ocrx_word' id='word_1_213' title='bbox 819 2276 984 2342; x_wconf 90' lang='lat' dir='ltr'><strong>concessit.</strong></span> <span class='ocrx_word' id='word_1_214' title='bbox 1033 2272 1195 2361; x_wconf 77' lang='lat' dir='ltr'><strong>Egressus</strong></span> 
     </span>
     <span class='ocr_line' id='line_1_26' title="bbox 61 2356 1232 2448; baseline 0.001 -23"><span class='ocrx_word' id='word_1_215' title='bbox 61 2362 162 2448; x_wconf 88' lang='lat' dir='ltr'><strong>rgitur</strong></span> <span class='ocrx_word' id='word_1_216' title='bbox 190 2359 374 2439; x_wconf 83' lang='lat' dir='ltr'><strong>Patroclus,</strong></span> <span class='ocrx_word' id='word_1_217' title='bbox 400 2356 528 2424; x_wconf 90' lang='lat' dir='ltr'><strong>indutus</strong></span> <span class='ocrx_word' id='word_1_218' title='bbox 549 2359 642 2424; x_wconf 89' lang='lat' dir='ltr'><strong>armis</strong></span> <span class='ocrx_word' id='word_1_219' title='bbox 664 2358 805 2438; x_wconf 83' lang='lat' dir='ltr'><strong>Achillis,</strong></span> <span class='ocrx_word' id='word_1_220' title='bbox 835 2361 875 2426; x_wconf 92' lang='lat' dir='ltr'><strong>ab</strong></span> <span class='ocrx_word' id='word_1_221' title='bbox 896 2361 1041 2426; x_wconf 79' lang='lat' dir='ltr'><strong>Hectore</strong></span> <span class='ocrx_word' id='word_1_222' title='bbox 1061 2360 1232 2438; x_wconf 65' lang='lat' dir='ltr'><strong>eccistam</strong></span> 
     </span>
     <span class='ocr_line' id='line_1_27' title="bbox 52 2441 1192 2533; baseline -0.002 -22"><span class='ocrx_word' id='word_1_223' title='bbox 52 2457 98 2512; x_wconf 56' lang='lat' dir='ltr'><strong>*et</strong></span> <span class='ocrx_word' id='word_1_224' title='bbox 120 2446 215 2512; x_wconf 90' lang='lat' dir='ltr'><strong>armis</strong></span> <span class='ocrx_word' id='word_1_225' title='bbox 235 2444 384 2533; x_wconf 86' lang='lat' dir='ltr'><strong>spoliatus</strong></span> <span class='ocrx_word' id='word_1_226' title='bbox 411 2441 568 2522; x_wconf 87' lang='lat' dir='ltr'><strong>occubuit,</strong></span> <span class='ocrx_word' id='word_1_227' title='bbox 611 2442 738 2521; x_wconf 80' lang='lat' dir='ltr'><strong>Postea</strong></span> <span class='ocrx_word' id='word_1_228' title='bbox 760 2444 873 2511; x_wconf 77' lang='lat' dir='ltr'><strong>&#39;l&#39;betis</strong></span> <span class='ocrx_word' id='word_1_229' title='bbox 899 2444 1025 2522; x_wconf 87' lang='lat' dir='ltr'><strong>Achilli,</strong></span> <span class='ocrx_word' id='word_1_230' title='bbox 1058 2446 1192 2510; x_wconf 86' lang='lat' dir='ltr'><strong>mortem</strong></span> 
     </span>
     <span class='ocr_line' id='line_1_28' title="bbox 62 2526 1193 2608; baseline -0.004 -7"><span class='ocrx_word' id='word_1_231' title='bbox 62 2529 181 2601; x_wconf 79' lang='lat' dir='ltr'><strong>sodalis</strong></span> <span class='ocrx_word' id='word_1_232' title='bbox 200 2531 241 2596; x_wconf 89' lang='lat' dir='ltr'><strong>im</strong></span> <span class='ocrx_word' id='word_1_233' title='bbox 265 2531 398 2597; x_wconf 86' lang='lat' dir='ltr'><strong>atienter</strong></span> <span class='ocrx_word' id='word_1_234' title='bbox 420 2526 549 2608; x_wconf 88' lang='lat' dir='ltr'><strong>ferenti,</strong></span> <span class='ocrx_word' id='word_1_235' title='bbox 582 2527 733 2594; x_wconf 86' lang='lat' dir='ltr'><strong>Vulcania</strong></span> <span class='ocrx_word' id='word_1_236' title='bbox 761 2551 850 2594; x_wconf 86' lang='lat' dir='ltr'><strong>arma</strong></span> <span class='ocrx_word' id='word_1_237' title='bbox 875 2526 989 2595; x_wconf 90' lang='lat' dir='ltr'><strong>iterum</strong></span> <span class='ocrx_word' id='word_1_238' title='bbox 1009 2529 1050 2594; x_wconf 91' lang='lat' dir='ltr'><strong>im</strong></span> <span class='ocrx_word' id='word_1_239' title='bbox 1074 2529 1193 2596; x_wconf 75' lang='lat' dir='ltr'><strong>etra&#39;vit.</strong></span> 
     </span>
     <span class='ocr_line' id='line_1_29' title="bbox 64 2554 1199 2703; baseline -0.004 -21"><span class='ocrx_word' id='word_1_240' title='bbox 64 2614 190 2697; x_wconf 79' lang='lat' dir='ltr'><strong>Quibus</strong></span> <span class='ocrx_word' id='word_1_241' title='bbox 207 2554 334 2683; x_wconf 80' lang='lat' dir='ltr'><strong>indutus</strong></span> <span class='ocrx_word' id='word_1_242' title='bbox 355 2638 453 2702; x_wconf 79' lang='lat' dir='ltr'><strong>quum</strong></span> <span class='ocrx_word' id='word_1_243' title='bbox 473 2614 666 2694; x_wconf 85' lang='lat' dir='ltr'><strong>Hectorem,</strong></span> <span class='ocrx_word' id='word_1_244' title='bbox 688 2613 720 2679; x_wconf 92' lang='lat' dir='ltr'><strong>in</strong></span> <span class='ocrx_word' id='word_1_245' title='bbox 742 2611 908 2682; x_wconf 79' lang='lat' dir='ltr'><strong>vindictam</strong></span> <span class='ocrx_word' id='word_1_246' title='bbox 929 2555 1072 2681; x_wconf 90' lang='lat' dir='ltr'><strong>Patrocli</strong></span> <span class='ocrx_word' id='word_1_247' title='bbox 1085 2637 1199 2703; x_wconf 78' lang='lat' dir='ltr'><strong>proro-</strong></span> 
     </span>
     <span class='ocr_line' id='line_1_30' title="bbox 64 2697 1199 2789; baseline -0.002 -23"><span class='ocrx_word' id='word_1_248' title='bbox 64 2712 190 2783; x_wconf 91' lang='lat' dir='ltr'><strong>catum,</strong></span> <span class='ocrx_word' id='word_1_249' title='bbox 221 2701 429 2782; x_wconf 82' lang='lat' dir='ltr'><strong>interficeret,</strong></span> <span class='ocrx_word' id='word_1_250' title='bbox 462 2697 658 2785; x_wconf 87' lang='lat' dir='ltr'><strong>cadaverque</strong></span> <span class='ocrx_word' id='word_1_251' title='bbox 683 2699 767 2789; x_wconf 87' lang='lat' dir='ltr'><strong>ejus,</strong></span> <span class='ocrx_word' id='word_1_252' title='bbox 795 2698 837 2767; x_wconf 90' lang='lat' dir='ltr'><strong>ad</strong></span> <span class='ocrx_word' id='word_1_253' title='bbox 858 2720 985 2765; x_wconf 89' lang='lat' dir='ltr'><strong>currum</strong></span> <span class='ocrx_word' id='word_1_254' title='bbox 1006 2721 1098 2767; x_wconf 87' lang='lat' dir='ltr'><strong>suum</strong></span> <span class='ocrx_word' id='word_1_255' title='bbox 1119 2701 1199 2787; x_wconf 88' lang='lat' dir='ltr'><strong>liga·</strong></span> 
     </span>
     <span class='ocr_line' id='line_1_31' title="bbox 63 2782 1240 2870; baseline -0.004 -18"><span class='ocrx_word' id='word_1_256' title='bbox 63 2797 151 2866; x_wconf 88' lang='lat' dir='ltr'><strong>tum,</strong></span> <span class='ocrx_word' id='word_1_257' title='bbox 182 2784 268 2853; x_wconf 91' lang='lat' dir='ltr'><strong>circa</strong></span> <span class='ocrx_word' id='word_1_258' title='bbox 295 2807 402 2852; x_wconf 87' lang='lat' dir='ltr'><strong>muros</strong></span> <span class='ocrx_word' id='word_1_259' title='bbox 432 2782 588 2863; x_wconf 88' lang='lat' dir='ltr'><strong>traheret,</strong></span> <span class='ocrx_word' id='word_1_260' title='bbox 618 2799 752 2870; x_wconf 90' lang='lat' dir='ltr'><strong>rogatus</strong></span> <span class='ocrx_word' id='word_1_261' title='bbox 778 2807 799 2851; x_wconf 91' lang='lat' dir='ltr'><strong>a</strong></span> <span class='ocrx_word' id='word_1_262' title='bbox 824 2784 952 2851; x_wconf 89' lang='lat' dir='ltr'><strong>Priamo</strong></span> <span class='ocrx_word' id='word_1_263' title='bbox 983 2796 1050 2867; x_wconf 89' lang='lat' dir='ltr'><strong>est,</strong></span> <span class='ocrx_word' id='word_1_264' title='bbox 1080 2797 1115 2853; x_wconf 92' lang='lat' dir='ltr'><strong>ut</strong></span> <span class='ocrx_word' id='word_1_265' title='bbox 1139 2784 1240 2851; x_wconf 80' lang='lat' dir='ltr'><strong>sibiae</strong></span> 
     </span>
     <span class='ocr_line' id='line_1_32' title="bbox 64 2866 1201 2970; baseline -0.002 -34"><span class='ocrx_word' id='word_1_266' title='bbox 64 2866 178 2957; x_wconf 78' lang='lat' dir='ltr'><strong>liceret</strong></span> <span class='ocrx_word' id='word_1_267' title='bbox 206 2870 350 2947; x_wconf 87' lang='lat' dir='ltr'><strong>exanime</strong></span> <span class='ocrx_word' id='word_1_268' title='bbox 383 2869 436 2939; x_wconf 89' lang='lat' dir='ltr'><strong>lilii</strong></span> <span class='ocrx_word' id='word_1_269' title='bbox 469 2890 584 2970; x_wconf 86' lang='lat' dir='ltr'><strong>corpus</strong></span> <span class='ocrx_word' id='word_1_270' title='bbox 616 2891 694 2935; x_wconf 90' lang='lat' dir='ltr'><strong>auro</strong></span> <span class='ocrx_word' id='word_1_271' title='bbox 727 2882 891 2958; x_wconf 89' lang='lat' dir='ltr'><strong>pensatum</strong></span> <span class='ocrx_word' id='word_1_272' title='bbox 923 2870 1076 2960; x_wconf 91' lang='lat' dir='ltr'><strong>recipere.</strong></span> <span class='ocrx_word' id='word_1_273' title='bbox 1125 2869 1201 2945; x_wconf 77' lang='lat' dir='ltr'><strong>Qun</strong></span> 
     </span>
     <span class='ocr_line' id='line_1_33' title="bbox 65 2953 1201 3044; baseline 0.002 -23"><span class='ocrx_word' id='word_1_274' title='bbox 65 2956 172 3035; x_wconf 85' lang='lat' dir='ltr'><strong>facto,</strong></span> <span class='ocrx_word' id='word_1_275' title='bbox 200 2956 381 3044; x_wconf 85' lang='lat' dir='ltr'><strong>Polyxena,</strong></span> <span class='ocrx_word' id='word_1_276' title='bbox 409 2955 559 3021; x_wconf 78' lang='lat' dir='ltr'><strong>Hectoras</strong></span> <span class='ocrx_word' id='word_1_277' title='bbox 580 2975 689 3033; x_wconf 87' lang='lat' dir='ltr'><strong>soror,</strong></span> <span class='ocrx_word' id='word_1_278' title='bbox 717 2953 859 3021; x_wconf 84' lang='lat' dir='ltr'><strong>inturre</strong></span> <span class='ocrx_word' id='word_1_279' title='bbox 880 2966 983 3034; x_wconf 87' lang='lat' dir='ltr'><strong>stans,</strong></span> <span class='ocrx_word' id='word_1_280' title='bbox 1013 2955 1147 3021; x_wconf 88' lang='lat' dir='ltr'><strong>armillas</strong></span> <span class='ocrx_word' id='word_1_281' title='bbox 1168 2966 1201 3023; x_wconf 89' lang='lat' dir='ltr'><strong>et</strong></span> 
     </span>
     <span class='ocr_line' id='line_1_34' title="bbox 64 3038 1202 3129; baseline -0.001 -23"><span class='ocrx_word' id='word_1_282' title='bbox 64 3042 192 3107; x_wconf 88' lang='lat' dir='ltr'><strong>inaures</strong></span> <span class='ocrx_word' id='word_1_283' title='bbox 221 3041 290 3121; x_wconf 92' lang='lat' dir='ltr'><strong>illo,</strong></span> <span class='ocrx_word' id='word_1_284' title='bbox 322 3062 385 3129; x_wconf 90' lang='lat' dir='ltr'><strong>quo</strong></span> <span class='ocrx_word' id='word_1_285' title='bbox 418 3038 524 3107; x_wconf 83' lang='lat' dir='ltr'><strong>fratris</strong></span> <span class='ocrx_word' id='word_1_286' title='bbox 543 3040 738 3125; x_wconf 83' lang='lat' dir='ltr'><strong>pensabatur</strong></span> <span class='ocrx_word' id='word_1_287' title='bbox 770 3061 901 3127; x_wconf 86' lang='lat' dir='ltr'><strong>corpus,</strong></span> <span class='ocrx_word' id='word_1_288' title='bbox 933 3039 1073 3128; x_wconf 88' lang='lat' dir='ltr'><strong>projecit.</strong></span> <span class='ocrx_word' id='word_1_289' title='bbox 1127 3040 1202 3115; x_wconf 81' lang='lat' dir='ltr'><strong>Qua</strong></span> 
     </span>
     <span class='ocr_line' id='line_1_35' title="bbox 64 3122 1200 3213; baseline -0.001 -21"><span class='ocrx_word' id='word_1_290' title='bbox 64 3126 147 3204; x_wconf 79' lang='lat' dir='ltr'><strong>visa,</strong></span> <span class='ocrx_word' id='word_1_291' title='bbox 170 3125 321 3205; x_wconf 83' lang='lat' dir='ltr'><strong>Achilles,</strong></span> <span class='ocrx_word' id='word_1_292' title='bbox 342 3126 368 3191; x_wconf 89' lang='lat' dir='ltr'><strong>si</strong></span> <span class='ocrx_word' id='word_1_293' title='bbox 389 3123 448 3189; x_wconf 88' lang='lat' dir='ltr'><strong>sibi</strong></span> <span class='ocrx_word' id='word_1_294' title='bbox 471 3122 617 3198; x_wconf 81' lang='lat' dir='ltr'><strong>daretur,</strong></span> <span class='ocrx_word' id='word_1_295' title='bbox 640 3123 798 3212; x_wconf 86' lang='lat' dir='ltr'><strong>promisit,</strong></span> <span class='ocrx_word' id='word_1_296' title='bbox 820 3136 856 3191; x_wconf 86' lang='lat' dir='ltr'><strong>ut</strong></span> <span class='ocrx_word' id='word_1_297' title='bbox 872 3125 1069 3192; x_wconf 90' lang='lat' dir='ltr'><strong>Hectoreum</strong></span> <span class='ocrx_word' id='word_1_298' title='bbox 1084 3147 1200 3213; x_wconf 87' lang='lat' dir='ltr'><strong>corpus</strong></span> 
     </span>
     <span class='ocr_line' id='line_1_36' title="bbox 65 3209 1304 3296; baseline 0 -20"><span class='ocrx_word' id='word_1_299' title='bbox 65 3209 233 3287; x_wconf 88' lang='lat' dir='ltr'><strong>redderet,</strong></span> <span class='ocrx_word' id='word_1_300' title='bbox 264 3223 297 3283; x_wconf 86' lang='lat' dir='ltr'><strong>et</strong></span> <span class='ocrx_word' id='word_1_301' title='bbox 325 3209 483 3296; x_wconf 77' lang='lat' dir='ltr'><strong>Troianos</strong></span> <span class='ocrx_word' id='word_1_302' title='bbox 514 3231 586 3274; x_wconf 92' lang='lat' dir='ltr'><strong>cum</strong></span> <span class='ocrx_word' id='word_1_303' title='bbox 612 3210 763 3290; x_wconf 70' lang='lat' dir='ltr'><strong>Graecb,</strong></span> <span class='ocrx_word' id='word_1_304' title='bbox 791 3209 916 3276; x_wconf 88' lang='lat' dir='ltr'><strong>reddita</strong></span> <span class='ocrx_word' id='word_1_305' title='bbox 938 3211 1242 3296; x_wconf 76' lang='lat' dir='ltr'><strong>tamen-Helena,³⁵</strong></span> <span class='ocrx_word' id='word_1_306' title='bbox 1300 3238 1304 3248; x_wconf 95' lang='lat'><em>·</em></span> 
     </span>
     <span class='ocr_line' id='line_1_37' title="bbox 62 3294 1201 3398; baseline -0.003 -35"><span class='ocrx_word' id='word_1_307' title='bbox 62 3298 257 3398; x_wconf 81' lang='lat' dir='ltr'><strong>pacificaret.</strong></span> <span class='ocrx_word' id='word_1_308' title='bbox 273 3356 279 3370; x_wconf 74' lang='grc'><strong>,,</strong></span> <span class='ocrx_word' id='word_1_309' title='bbox 300 3294 406 3367; x_wconf 80' lang='lat' dir='ltr'><strong>Quum</strong></span> <span class='ocrx_word' id='word_1_310' title='bbox 427 3304 551 3373; x_wconf 84' lang='lat' dir='ltr'><strong>autern,</strong></span> <span class='ocrx_word' id='word_1_311' title='bbox 578 3295 731 3381; x_wconf 88' lang='lat' dir='ltr'><strong>promissa</strong></span> <span class='ocrx_word' id='word_1_312' title='bbox 752 3295 810 3361; x_wconf 89' lang='lat' dir='ltr'><strong>sibi</strong></span> <span class='ocrx_word' id='word_1_313' title='bbox 830 3319 849 3361; x_wconf 92' lang='lat' dir='ltr'><strong>a</strong></span> <span class='ocrx_word' id='word_1_314' title='bbox 867 3295 1014 3384; x_wconf 73' lang='lat' dir='ltr'><strong>Trojanis</strong></span> <span class='ocrx_word' id='word_1_315' title='bbox 1029 3296 1201 3385; x_wconf 84' lang='lat' dir='ltr'><strong>Polyxena,</strong></span> 
     </span>
     <span class='ocr_line' id='line_1_38' title="bbox 63 3378 1201 3530; baseline -0.002 -83"><span class='ocrx_word' id='word_1_316' title='bbox 63 3404 97 3447; x_wconf 89' lang='lat' dir='ltr'><strong>ru</strong></span> <span class='ocrx_word' id='word_1_317' title='bbox 126 3379 275 3469; x_wconf 88' lang='lat' dir='ltr'><strong>templum</strong></span> <span class='ocrx_word' id='word_1_318' title='bbox 304 3379 502 3530; x_wconf 63' lang='lat' dir='ltr'><strong>prmbraei</strong></span> <span class='ocrx_word' id='word_1_319' title='bbox 527 3379 673 3465; x_wconf 83' lang='lat' dir='ltr'><strong>Apollinis</strong></span> <span class='ocrx_word' id='word_1_320' title='bbox 712 3378 754 3445; x_wconf 91' lang='lat' dir='ltr'><strong>ad</strong></span> <span class='ocrx_word' id='word_1_321' title='bbox 789 3378 977 3446; x_wconf 87' lang='lat' dir='ltr'><strong>firmandum</strong></span> <span class='ocrx_word' id='word_1_322' title='bbox 1007 3381 1119 3448; x_wconf 86' lang='lat' dir='ltr'><strong>foedus</strong></span> <span class='ocrx_word' id='word_1_323' title='bbox 1148 3380 1201 3447; x_wconf 83' lang='lat' dir='ltr'><strong>re&#39;-</strong></span> 
     </span>
    </p>
   </div>
   <div class='ocr_carea' id='block_1_3' title="bbox 64 3462 1200 3551">
    <p class='ocr_par' dir='ltr' id='par_1_3' title="bbox 64 3462 1200 3551">
     <span class='ocr_line' id='line_1_39' title="bbox 64 3462 1200 3551; baseline -0.002 -18"><span class='ocrx_word' id='word_1_324' title='bbox 64 3467 180 3544; x_wconf 85' lang='lat' dir='ltr'><strong>nisset,</strong></span> <span class='ocrx_word' id='word_1_325' title='bbox 207 3462 326 3531; x_wconf 84' lang='lat' dir='ltr'><strong>insidiis</strong></span> <span class='ocrx_word' id='word_1_326' title='bbox 388 3463 504 3538; x_wconf 87' lang='lat' dir='ltr'><strong>aridis,</strong></span> <span class='ocrx_word' id='word_1_327' title='bbox 534 3475 609 3551; x_wconf 93' lang='lat' dir='ltr'><strong>post</strong></span> <span class='ocrx_word' id='word_1_328' title='bbox 628 3463 830 3531; x_wconf 90' lang='lat' dir='ltr'><strong>simulacrum</strong></span> <span class='ocrx_word' id='word_1_329' title='bbox 849 3465 989 3542; x_wconf 90' lang='lat' dir='ltr'><strong>latentis,</strong></span> <span class='ocrx_word' id='word_1_330' title='bbox 1018 3466 1113 3533; x_wconf 90' lang='lat' dir='ltr'><strong>missa</strong></span> <span class='ocrx_word' id='word_1_331' title='bbox 1136 3466 1200 3531; x_wconf 86' lang='lat' dir='ltr'><strong>vul-</strong></span> 
     </span>
    </p>
   </div>
   <div class='ocr_carea' id='block_1_4' title="bbox 64 3549 1241 3810">
    <p class='ocr_par' dir='ltr' id='par_1_4' title="bbox 64 3549 1241 3810">
     <span class='ocr_line' id='line_1_40' title="bbox 64 3549 1201 3698; baseline 0.001 -82"><span class='ocrx_word' id='word_1_332' title='bbox 64 3565 195 3618; x_wconf 88' lang='lat' dir='ltr'><strong>neratus</strong></span> <span class='ocrx_word' id='word_1_333' title='bbox 213 3549 347 3698; x_wconf 77' lang='lat' dir='ltr'><strong>sagitta,</strong></span> <span class='ocrx_word' id='word_1_334' title='bbox 369 3551 510 3627; x_wconf 92' lang='lat' dir='ltr'><strong>moritur,</strong></span> <span class='ocrx_word' id='word_1_335' title='bbox 533 3559 606 3613; x_wconf 89' lang='lat' dir='ltr'><strong>ante</strong></span> <span class='ocrx_word' id='word_1_336' title='bbox 628 3550 747 3616; x_wconf 89' lang='lat' dir='ltr'><strong>obitum</strong></span> <span class='ocrx_word' id='word_1_337' title='bbox 770 3560 876 3616; x_wconf 90' lang='lat' dir='ltr'><strong>tamen</strong></span> <span class='ocrx_word' id='word_1_338' title='bbox 896 3560 1027 3637; x_wconf 88' lang='lat' dir='ltr'><strong>petens,</strong></span> <span class='ocrx_word' id='word_1_339' title='bbox 1044 3563 1080 3619; x_wconf 92' lang='lat' dir='ltr'><strong>ut</strong></span> <span class='ocrx_word' id='word_1_340' title='bbox 1100 3553 1201 3618; x_wconf 87' lang='lat' dir='ltr'><strong>evicta</strong></span> 
     </span>
     <span class='ocr_line' id='line_1_41' title="bbox 64 3631 1241 3734; baseline 0.001 -31"><span class='ocrx_word' id='word_1_341' title='bbox 64 3637 183 3728; x_wconf 76' lang='lat' dir='ltr'><strong>Troja,</strong></span> <span class='ocrx_word' id='word_1_342' title='bbox 207 3636 371 3723; x_wconf 79' lang='lat' dir='ltr'><strong>Poyxena</strong></span> <span class='ocrx_word' id='word_1_343' title='bbox 387 3633 430 3701; x_wconf 91' lang='lat' dir='ltr'><strong>ad</strong></span> <span class='ocrx_word' id='word_1_344' title='bbox 451 3631 627 3734; x_wconf 72' lang='lat' dir='ltr'><strong>sepulcrum</strong></span> <span class='ocrx_word' id='word_1_345' title='bbox 650 3634 717 3722; x_wconf 91' lang='lat' dir='ltr'><strong>ejus</strong></span> <span class='ocrx_word' id='word_1_346' title='bbox 738 3633 966 3715; x_wconf 80' lang='lat' dir='ltr'><strong>immolaretur3</strong></span> <span class='ocrx_word' id='word_1_347' title='bbox 997 3635 1085 3726; x_wconf 91' lang='lat' dir='ltr'><strong>quod</strong></span> <span class='ocrx_word' id='word_1_348' title='bbox 1106 3638 1241 3706; x_wconf 78' lang='lat' dir='ltr'><strong>etiamto</strong></span> 
     </span>
     <span class='ocr_line' id='line_1_42' title="bbox 64 3717 791 3810; baseline -0.001 -22"><span class='ocrx_word' id='word_1_349' title='bbox 64 3734 139 3810; x_wconf 88' lang='lat' dir='ltr'><strong>post</strong></span> <span class='ocrx_word' id='word_1_350' title='bbox 157 3744 177 3789; x_wconf 92' lang='lat' dir='ltr'><strong>a</strong></span> <span class='ocrx_word' id='word_1_351' title='bbox 193 3721 341 3810; x_wconf 83' lang='lat' dir='ltr'><strong>Pyrrho,</strong></span> <span class='ocrx_word' id='word_1_352' title='bbox 362 3720 429 3809; x_wconf 91' lang='lat' dir='ltr'><strong>ejus</strong></span> <span class='ocrx_word' id='word_1_353' title='bbox 449 3718 531 3799; x_wconf 88' lang='lat' dir='ltr'><strong>fibo,</strong></span> <span class='ocrx_word' id='word_1_354' title='bbox 551 3717 712 3807; x_wconf 83' lang='lat' dir='ltr'><strong>rmpletum</strong></span> <span class='ocrx_word' id='word_1_355' title='bbox 734 3730 791 3787; x_wconf 82' lang='lat' dir='ltr'><strong>est</strong></span> 
     </span>
    </p>
   </div>
   <div class='ocr_carea' id='block_1_5' title="bbox 187 3908 1084 4041">
    <p class='ocr_par' dir='ltr' id='par_1_5' title="bbox 187 3908 1084 4041">
     <span class='ocr_line' id='line_1_43' title="bbox 187 3908 1084 4041; baseline -0.001 -27"><span class='ocrx_word' id='word_1_356' title='bbox 187 3908 284 4015; x_wconf 66' lang='lat' dir='ltr'><strong>aab.</strong></span> <span class='ocrx_word' id='word_1_357' title='bbox 338 3941 614 4041; x_wconf 78' lang='lat' dir='ltr'><strong>Explanatio</strong></span> <span class='ocrx_word' id='word_1_358' title='bbox 648 3938 842 4039; x_wconf 83' lang='lat' dir='ltr'><strong>ejusdem</strong></span> <span class='ocrx_word' id='word_1_359' title='bbox 874 3939 1084 4017; x_wconf 79' lang='lat' dir='ltr'><strong>fabulae..</strong></span> 
     </span>
    </p>
   </div>
   <div class='ocr_carea' id='block_1_6' title="bbox 65 4066 1198 4259">
    <p class='ocr_par' dir='ltr' id='par_1_6' title="bbox 65 4066 1198 4259">
     <span class='ocr_line' id='line_1_44' title="bbox 150 4066 1198 4160; baseline 0.001 -25"><span class='ocrx_word' id='word_1_360' title='bbox 150 4068 327 4136; x_wconf 82' lang='lat' dir='ltr'><strong>&#39;Pbetidem</strong></span> <span class='ocrx_word' id='word_1_361' title='bbox 342 4068 404 4135; x_wconf 92' lang='lat' dir='ltr'><strong>dici</strong></span> <span class='ocrx_word' id='word_1_362' title='bbox 427 4068 592 4138; x_wconf 85' lang='lat' dir='ltr'><strong>voluerunt</strong></span> <span class='ocrx_word' id='word_1_363' title='bbox 612 4089 745 4155; x_wconf 83' lang='lat' dir='ltr'><strong>aquam3</strong></span> <span class='ocrx_word' id='word_1_364' title='bbox 774 4066 861 4133; x_wconf 88' lang='lat' dir='ltr'><strong>unde</strong></span> <span class='ocrx_word' id='word_1_365' title='bbox 891 4081 925 4137; x_wconf 91' lang='lat' dir='ltr'><strong>et</strong></span> <span class='ocrx_word' id='word_1_366' title='bbox 944 4070 1093 4160; x_wconf 90' lang='lat' dir='ltr'><strong>Nympha</strong></span> <span class='ocrx_word' id='word_1_367' title='bbox 1116 4071 1198 4139; x_wconf 89' lang='lat' dir='ltr'><strong>dicta</strong></span> 
     </span>
     <span class='ocr_line' id='line_1_45' title="bbox 65 4150 1198 4259; baseline -0.003 -35"><span class='ocrx_word' id='word_1_368' title='bbox 65 4167 124 4224; x_wconf 86' lang='lat' dir='ltr'><strong>est.</strong></span> <span class='ocrx_word' id='word_1_369' title='bbox 176 4155 282 4231; x_wconf 84' lang='lat' dir='ltr'><strong>Quam</strong></span> <span class='ocrx_word' id='word_1_370' title='bbox 310 4176 408 4244; x_wconf 91' lang='lat' dir='ltr'><strong>quum</strong></span> <span class='ocrx_word' id='word_1_371' title='bbox 435 4154 580 4246; x_wconf 84' lang='lat' dir='ltr'><strong>Juppitcr</strong></span> <span class='ocrx_word' id='word_1_372' title='bbox 605 4172 737 4224; x_wconf 79' lang='lat' dir='ltr'><strong>uxorem</strong></span> <span class='ocrx_word' id='word_1_373' title='bbox 758 4150 877 4259; x_wconf 88' lang='lat' dir='ltr'><strong>ducere</strong></span> <span class='ocrx_word' id='word_1_374' title='bbox 896 4153 1002 4238; x_wconf 83' lang='lat' dir='ltr'><strong>vellet,</strong></span> <span class='ocrx_word' id='word_1_375' title='bbox 1035 4157 1105 4224; x_wconf 85' lang='lat' dir='ltr'><strong>fatis</strong></span> <span class='ocrx_word' id='word_1_376' title='bbox 1126 4180 1198 4245; x_wconf 88' lang='lat' dir='ltr'><strong>pro-</strong></span> 
     </span>
    </p>
   </div>
   <div class='ocr_carea' id='block_1_7' title="bbox 0 0 1328 4658">
    <p class='ocr_par' dir='ltr' id='par_1_7' title="bbox 0 0 1328 4658">
     <span class='ocr_line' id='line_1_46' title="bbox 0 0 1328 4658; baseline 0 0"><span class='ocrx_word' id='word_1_377' title='bbox 0 0 1328 4658; x_wconf 95' lang='lat' dir='ltr'><strong> </strong></span> 
     </span>
    </p>
   </div>
  </div>
 </body>
</html>
