2616 4658
364 124 544 227 nnuma
570 126 621 209 u.
676 100 929 202 soa-ssrr's.
1077 168 1079 172 -
1138 124 1217 199 asa

87 311 260 379 certamine
281 332 354 377 eum
376 331 496 398 magua
515 309 671 377 exercitus
693 320 784 397 parte
804 311 941 393 obrutus
962 308 1087 391 fuisset,
1119 310 1216 377 fiune·
1249 303 1258 329 ³

86 409 161 468 runt
183 396 280 476 socii,
309 416 382 463 cnut
405 396 436 460 in
458 395 552 462 deum
574 394 728 461 marinum
749 418 821 462 essa
842 416 1038 465 conversum.

456 549 546 665 lull.
602 591 855 671 (blancus.

171 713 313 779 Glaucus
340 714 478 802 piscator
506 716 580 794 luit,
613 717 806 787 anthedonis
836 717 932 796 lilius,
965 715 1019 803 qni
1038 700 1210 783 eitractam

84 799 166 864 mari
192 798 402 886 praedam'in
430 801 523 887 litore
546 801 685 891 projecit.
728 803 838 869 Pisces
860 803 1029 868 barbarum
1051 812 1139 869 tactu
1161 815 1234 864 rea

83 885 236 950 vixerunt.
278 882 430 961 Intellexit
453 885 612 965 Glaucus,
633 887 716 955 bane
735 887 856 953 illorum
878 885 1056 974 graminum
1067 897 1211 953 naturam

82 992 173 1046 csse,
197 981 231 1035 ut
250 969 438 1038 immortales
460 971 681 1051 efficerentur,
708 973 761 1059 qui
784 971 826 1037 de
845 972 882 1038 iis
905 982 1097 1060 gustassent.
1146 970 1210 1035 Ita-

81 1077 148 1139 que
167 1053 278 1127 ,avellit
308 1070 340 1121 et
370 1056 516 1142 gustavit
565 1057 639 1134 Quo
663 1058 771 1140 lauto,
802 1068 907 1143 mente
937 1057 1086 1145 alienatus
1114 1076 1150 1119 se
1171 1077 1210 1120 ex

82 1139 147 1205 alto
175 1139 205 1203 in
233 1138 367 1226 pelagus
393 1141 615 1229 praecipitavit.
656 1141 712 1208 Sic
737 1141 881 1233 deposito
904 1143 1041 1209 humano
1064 1160 1209 1228 corpore,

63 1225 114 1294 in
138 1224 290 1291 marinum
311 1223 405 1292 deum
422 1226 552 1313 fingitur
572 1247 681 1294 versus
704 1248 795 1294 esse«
910 1232 915 1241 '
989 1228 991 1235 '
1217 1248 1251 1297 ro

234 1460 240 1478 ι
468 1414 560 1492 169.
613 1418 821 1521 Scylla.

167 1544 291 1636 Scylla,
320 1545 439 1613 Phorci
466 1525 499 1614 et
526 1546 705 1615 Crataeidis
732 1545 911 1636 Nymphae·
924 1545 987 1612 lilia
1009 1545 1075 1614 init
1116 1547 1212 1612 Hane

36 1635 41 1640 '
81 1620 199 1698 a'marit
226 1631 384 1712 Glaucus,
415 1633 553 1698 marinus
583 1631 682 1713 deus,
714 1631 907 1713 Anthedonis
935 1632 1031 1709 filius,
1066 1654 1085 1696 a
1115 1632 1211 1697 Circe

81 1726 213 1781 laruatus.
255 1716 300 1783 Et
319 1716 466 1804 quoniam
488 1715 619 1804 pronior
637 1717 669 1782 in
692 1716 830 1803 Scyllam
853 1717 972 1794 luerat,
1006 1717 1085 1782 irata
1114 1717 1210 1780 Circe

80 1801 219 1878 sonitem,
244 1799 275 1864 in
297 1823 360 1887 quo
381 1801 432 1866 illa
453 1813 622 1868 consuerat
640 1822 756 1887 corpus
777 1798 925 1877 abluere,
944 1796 1060 1866 iniecit
1076 1801 1253 1870 venenisln

81 1887 118 1951 ln
141 1904 235 1971 quem
255 1883 305 1949 illa
346 1905 420 1950 uum
442 1883 675 1961 descendisset,
702 1883 897 1971 pubetenus
917 1885 950 1948 in
971 1884 1071 1951 varias
1092 1894 1213 1950 mutata

83 1979 133 2035 est
158 1969 286 2034 formas·
364 1991 473 2035 orrens
497 1969 595 2056 igitur
615 1967 815 2035 deformitate
837 1989 912 2047 sua,
938 1989 976 2049 ¹se
998 1968 1213 2056 praecipitavit

80 2056 113 2118 in
142 2073 238 2117 mare.
279 2052 376 2118 Hanc
405 2052 680 2141 posteaGlaucus
705 2052 952 2138 lecit—marinam
974 2050 1075 2119 deam.
1118 2053 1216 2135 Haec·
1293 2115 1296 2118 ⁴

80 2137 214 2204 classem
241 2134 340 2202 Ulixis
368 2160 441 2205 cum
469 2139 562 2207 soniis
593 2138 660 2228 ejus
682 2136 832 2204 evertisse
853 2148 1007 2203 narratur.
1050 2138 1210 2202 Homerus

80 2225 162 2288 banc
181 2221 355 2288 immortale
375 2237 546 2293 monstrum
567 2224 684 2302 luisse,
718 2221 871 2289 Salustius
897 2244 1008 2289 saxum
1030 2244 1101 2287 esse
1122 2219 1208 2300 dicit,
1216 2247 1253 2296 20

77 2309 178 2374 simile
208 2305 327 2373 formae
356 2308 536 2377 celebratae
565 2307 673 2397 procul
703 2307 881 2373 visentibus.
937 2308 1043 2373 Canes
1072 2329 1146 2371 vero
1177 2319 1211 2374 ct

76 2392 141 2479 lupi
155 2393 208 2458 bb
226 2391 289 2457 boe
311 2415 349 2458 ex
370 2416 409 2459 ea
431 2394 495 2462 uati
517 2417 588 2461 esse
613 2388 792 2478 finguntur,
819 2391 894 2477 quia
921 2390 991 2478 ipsa
1019 2391 1091 2456 loon
1119 2390 1211 2477 plena
1252 2458 1260 2465 ,

78 2490 153 2543 sunt
180 2476 325 2549 monstris
355 2479 498 2567 marinis,
533 2491 566 2554 et
595 2498 745 2545 saxorum
774 2475 926 2564 asperitas
951 2475 1012 2543 illio
1038 2475 1210 2555 bestiarum

75 2560 385 2631 imitatur'latratust
792 2589 794 2593 ’

401 2732 870 2860 stoonapynms.
1026 2836 1029 2842 ,
1213 2775 1282 2822 a.

161 2882 338 2974 Charybdis
377 2895 482 2949 autem
515 2882 631 2949 femina
661 2885 721 2951 luit
749 2883 951 2951 ferocissima.
1008 2886 1101 2963 Quae
1132 2885 1207 2972 qnia

75 2973 174 3036 boves
196 2969 343 3037 Herculis
363 2987 399 3033 ra
423 2967 484 3049 nit,
509 2967 669 3036 fulminata
690 2978 739 3036 est
759 2993 779 3034 a
799 2971 879 3035 Jove
900 2981 934 3037 et
953 2969 984 3036 in
1000 2971 1100 3034 maria
1111 2993 1205 3056 prae-

48 3053 212 3144 cipitata.-
253 3053 349 3120 Unde
362 3074 389 3124 ,a
435 3074 476 3120 uo
495 3066 636 3120 naturam
659 3054 820 3143 pristinam
841 3066 956 3121 servat.
988 3054 1074 3120 Nam
1095 3054 1205 3119 sorbet
1233 3132 1235 3147 Ι

68 3141 237 3215 universa,
267 3152 306 3212 et>
319 3137 493 3207 secundum
519 3138 691 3208 Salustium
717 3161 756 3206 ea
776 3138 863 3207 cirea
897 3138 1204 3209 Tauromenitanum

66 3223 176 3312 egerit
200 3222 281 3291 litus.
323 3264 328 3275 -
1208 3237 1245 3286 ao

142 3367 145 3381 ἱ
243 3407 334 3483 171.
385 3408 614 3511 Tyrrheni
650 3394 694 3484 et
724 3407 862 3484 Liber
892 3419 1032 3507 pater.

91 3602 92 3607 ,
152 3533 312 3626 'l'yrrbeni
333 3546 448 3603 nautae
468 3536 619 3603 Liberum
641 3545 763 3622 patrem
784 3555 920 3620 puerum
943 3529 1149 3597 dormientem
1170 3528 1202 3593 iu

60 3620 160 3688 litore
188 3619 394 3689 abstulerunt,
446 3622 509 3696 Qui
538 3643 635 3710 quum
663 3630 748 3687 esset
779 3615 1027 3704 expergefactus
1061 3613 1092 3677 ia
1121 3613 1201 3710 ¹¹le

86 3727 132 3768 mo
162 3702 366 3787 duceretur,
394 3726 432 3772 ro
458 3706 527 3772 avit
569 3701 820 3791 Responderunt
845 3699 906 3765 illi:
944 3699 1021 3780 Quo
1041 3695 1201 3760 volueras.

62 3729 167 3854 iiber
193 3788 336 3877 rogavit,
364 3801 400 3858 ut
425 3728 549 3858 Saxum
578 3789 710 3856 insulam
735 3808 772 3852 se
794 3793 1008 3852 transvectum
1029 3779 1245 3852 nutricibusas

61 3870 236 3940 redderent
262 3873 427 3963 Nymphis.
467 3875 514 3941 llli
532 3898 591 3963 spe
611 3871 751 3977 praedae
770 3867 911 3946 inducti,
941 3873 1120 3963 coeperunt
1140 3861 1201 3927 alio

62 3956 132 4022 vela
160 3957 302 4025 flectcre.
363 3960 578 4034 Quamobrem
611 3972 727 4025 uratum
757 3974 875 4018 numen
902 3950 1039 4049 tigrides
1063 3947 1121 4012 srbr
1150 3968 1202 4011 sa-

62 4049 169 4108 cratas
197 4032 322 4110 risibus*
346 4064 455 4111 eorum
483 4044 614 4134 objecit:
648 4064 712 4129 quo
744 4050 870 4105 terrore
899 4057 936 4102 se
960 4033 1001 4101 illi
1030 4053 1062 4097 m
1085 4031 1204 4096 tluotus

62 4124 410 4217 dedere-praecipites,
437 4139 471 4199 el
491 4128 565 4196 laeti
585 4140 660 4195 aunt
681 4121 829 4210 delpbini.
