2632 4658
228 131 231 136 ’
284 154 287 159 >
334 107 519 240 myssa:
554 137 627 221 ιιι.
683 135 748 216 ιι.
803 87 986 221 a-s'
1135 144 1221 223 ιιι·
1262 154 1280 181 ’

79 258 305 405 populabatur.
348 270 474 389 Velitne
505 331 612 390 manen
626 280 826 391 ''smnncom
855 323 1060 428 philosophos
1096 328 1215 397 et'bls·

79 406 204 471 toricos
224 397 340 484 habet,
363 406 456 473 bunc
482 403 582 475 luisse
610 404 761 477 Evandri·
777 411 1003 499 nequissimum
1027 434 1152 482 serrum
1174 437 1213 482 nc

79 488 197 555 furem.
240 486 394 577 Nouimus
414 501 523 561 antem
543 513 573 558 a.
585 491 721 561 Graecis
740 493 857 563 malum
879 494 983 568 nendo
1004 496 1086 578 dici,
1136 522 1212 566 nem

77 575 243 641 bominem
258 574 303 642 ita
323 575 374 643 illo
396 588 542 665 tempore
556 575 699 644 Arcades
719 579 929 668 appellabant.
971 582 1087 669 Igner'n
1106 521 1208 651 dctus
1288 637 1290 657 .

79 671 132 728 est
149 680 290 742 promere,
310 661 481 749 quiaigne
502 683 600 749 agros
619 664 771 745 vastabat.
813 667 913 733 Hunc
933 690 1025 734 soror
1043 690 1103 735 sua
1126 670 1242 761 ejus-a

79 744 155 813 dem
176 745 309 811 nominis
329 745 486 834 prodidit,
518 742 604 813 unde
636 749 732 815 etiam
754 751 903 820 sacellum
917 746 1055 835 meruit,
1075 753 1118 819 in
1141 777 1206 840 quo

80 831 113 897 ei
133 853 193 920 per
213 830 352 916 virgines
372 833 490 902 Vestae
510 833 759 903 sacrificabatur.

156 917 196 982 ‚A
237 917 375 984 Antaeus
407 919 511 1006 Gigas
543 941 672 1021 quoque
704 931 775 987 erat
802 919 883 989 lilius
919 921 1062 1004 Terrae,
1081 968 1084 977 -
1103 921 1156 989 cui
1189 945 1209 989 a

77 1011 183 1069 matre
204 1000 352 1070 collatum
373 1004 450 1082 suit,
481 1015 518 1072 ut
538 1016 685 1091 quotrens
705 1014 811 1073 terrae
830 1006 1024 1086 accubaret,
1048 1005 1128 1086 vires
1149 1007 1209 1074 ba.-

76 1087 177 1165 beret¹
193 1085 377 1174 duplicatas.
428 1090 501 1164 Qua
530 1111 567 1155 re
593 1101 774 1178 comperta,
810 1092 970 1159 Hercules
990 1114 1064 1167 eum
1084 1115 1103 1159 a
1122 1104 1251 1162 terralo

77 1171 206 1238 elevans
228 1174 412 1243 constrinxit
443 1172 486 1241 ad
505 1186 650 1242 mortem.
703 1181 843 1256 Antaeus
870 1178 979 1265 itaque
1009 1178 1070 1245 sub
1099 1177 1208 1280 figura
1246 1264 1248 1269 .

72 1255 213 1345 ,bbrdrnrs
234 1258 370 1345 ponitur.
422 1260 506 1326 Nam
534 1261 663 1327 Graece
691 1255 815 1345 desios
836 1261 1055 1351 contrarium
1083 1261 1207 1330 dictur.
1313 1324 1315 1329 .

75 1341 158 1424 Ideo
181 1342 223 1409 de
242 1356 329 1412 terra
348 1357 440 1413 natus
463 1345 605 1430 lingitur,
626 1345 701 1433 quia
723 1347 818 1412 libido
842 1346 884 1414 de
905 1369 1002 1413 carne
1022 1349 1207 1439 concipitur.

61 1427 227 1517 Denique
257 1440 344 1497 tacta
363 1440 464 1498 ³terra
501 1429 629 1497 viridior
658 1443 691 1498 et
724 1431 854 1498 validior
886 1433 1100 1522 exsurgebat,
1132 1432 1225 1536 quia'
1283 1512 1286 1521 ι

76 1511 175 1580 libido
190 1526 310 1603 quanto
326 1515 477 1603 eimagis
501 1539 577 1583 caro
601 1517 806 1596 consenserit,
826 1528 915 1586 tanto
936 1519 1042 1604 surgit
1057 1517 1205 1586 nocivior.
1213 1531 1249 1585 1⁵

59 1597 148 1664 -Sed
170 1622 191 1666 a
211 1599 352 1686 gloriosa
372 1601 496 1683 virtute,
516 1601 551 1668 id
571 1612 620 1670 est
640 1603 681 1668 ab
702 1601 854 1682 Hercule,
876 1614 1047 1691 superatur
1057 1603 1207 1684 Antaeus,

75 1694 110 1751 et
122 1681 283 1772 denegato
295 1687 354 1774 ipsi
368 1697 473 1753 terrae
486 1699 575 1754 tactu
586 1688 805 1769 commoritur,
824 1688 981 1772 altiusque
993 1687 1131 1771 elevatus
1140 1688 1209 1757 m'a·
1240 1727 1247 1737 f

74 1780 168 1835 terna
184 1773 293 1858 nequit
310 1774 614 1859 mutaresuffragiag
634 1773 708 1860 quia'
731 1772 807 1839 dum
826 1774 1045 1840 carnalibus'se
1054 1775 1208 1875 quispiam

74 1851 283 1939 denegaverit
297 1859 474 1929 all'ectibus.
496 1868 696 1943 mentemque
707 1880 754 1923 ne·
769 1858 904 1923 carnalia
923 1869 1052 1946 appetat
1063 1881 1096 1924 ιιι
1110 1860 1208 1926 altum

73 1943 254 2019 sustulerit,
282 1943 386 2009 'victor
404 1943 511 2011 statim
532 1942 683 2027 exsurgit.
732 1942 983 2009 Dicitur-etiam
1004 1942 1142 2010 divinum
1162 1944 1249 2024 ibim

74 2026 255 2092 coniecisse
267 2038 439 2108 certarnen,
459 2028 533 2116 quia
542 2028 683 2116 pretiosa
705 2037 739 2093 et
758 2026 902 2095 caelestis
915 2048 1025 2115 pugna
1044 2041 1102 2109 est,
1122 2029 1207 2115 quae

58 2112 150 2176 'curn
165 2112 419 2200 concupiscentia
435 2113 583 2201 ¹vitiisque
603 2112 786 2181 conseritur.
829 2114 881 2178 De
902 2113 1015 2201 quain
1036 2115 1207 2181 moralibus

72 2194 187 2274 Plato,
215 2200 393 2286 sapientes,
421 2199 538 2286 inquit,
566 2197 621 2265 viri
648 2197 801 2287 majorem
821 2220 896 2279 cum
920 2197 998 2264 vitiis
1017 2220 1111 2287 quam
1132 2223 1207 2268 curn
1275 2280 1277 2287 Ι

70 2280 208 2351 inimicis
224 2305 366 2372 pugnam
386 2297 512 2370 gerunt
554 2283 639 2354 Nam
660 2281 749 2370 quod
769 2283 913 2350 Alcestcn
930 2282 1132 2367 liberaverit,
1163 2284 1206 2352 ad
1296 2367 1299 2373 Ι

70 2365 220 2436 virtutem
246 2379 397 2456 spectare
428 2368 559 2436 videtur.
599 2368 695 2437 Unde
717 2369 798 2435 haec
816 2369 952 2436 babetur
972 2368 1090 2436 sabula.
1211 2387 1248 2441 as
1284 2416 1287 2421 -

159 2455 191 2521 3.
213 2455 395 2535 Admetus,
417 2455 514 2544 ajunt,
536 2475 593 2521 rex
613 2454 782 2534 Graeciae,
804 2454 952 2522 Alcestcn
965 2454 996 2519 in
1020 2453 1205 2542 conjugium
1253 2480 1283 2498 ··

70 2536 184 2627 pettit,
213 2541 304 2630 cujus
324 2552 416 2628 pater
437 2540 576 2609 edictunl
598 2548 826 2630 proposuerat,
860 2548 898 2606 nt
916 2539 942 2605 si
963 2536 1032 2626 quis
1054 2539 1134 2606 duas
1157 2541 1204 2607 le-
1279 2590 1282 2603 ι

56 2645 128 2707 ¹ras
150 2625 293 2714 dispares
316 2627 423 2692 currui
445 2650 503 2694 suo
525 2625 731 2716 adjungeret,
761 2625 793 2692 is
811 2646 883 2691 eam
900 2624 1075 2712 ,conjugem
1105 2624 1204 2701 duce·

71 2719 135 2777 reta
176 2711 329 2778 Admetus
347 2712 447 2799 igitur
466 2715 492 2779 A
513 2711 640 2780 'ollineur
663 2722 696 2780 ct
717 2709 892 2778 Herculem
906 2711 1019 2777 auxilio
1063 2709 1202 2799 opcscit3

70 2793 180 2883 illique
200 2797 241 2864 ad
263 2819 390 2863 currum
412 2798 481 2888 ejus
493 2735 621 2865 leonem
642 2807 681 2874 et
690 2817 803 2885 aprum
814 2796 1002 2899 junxerunt.
1040 2735 1075 2862 ls
1092 2797 1246 2885 itaqueae

70 2879 221 2959 Alcestcn
242 2883 414 2971 conjugem
445 2884 586 2972 accepit3
625 2904 787 2971 quumque
814 2904 847 2946 m
875 2882 1086 2949 infirmitatem
1116 2881 1203 2948 deci-

72 2965 194 3048 disset,
229 2981 262 3037 et
281 2971 364 3035 mori
382 2993 418 3035 se
441 2970 670 3057 comperisset,
700 2966 848 3056 Apollinis
876 2966 1110 3051 miserationem
1131 2978 1204 3054 pre·
1241 2997 1244 3002 ·

74 3062 168 3120 catus
189 3066 255 3135 est,
287 3054 341 3142 qui
370 3053 550 3142 respondit,
580 3053 623 3119 nil
643 3075 688 3121 se,
701 3053 731 3118 ei
756 3074 853 3140 posse
883 3062 1064 3139 praestare,
1090 3047 1203 3118 nisisi

71 3138 147 3226 quis
167 3139 209 3205 de
229 3140 413 3228 propinquis
436 3163 472 3207 se
486 3179 488 3185 ·
502 3161 561 3241 pro
595 3160 635 3205 ec
667 3136 985 3209 morti¹vcluntariae
1019 3136 1203 3218 obtulissct3

71 3222 165 3310 quod
197 3247 277 3294 uxor
311 3223 378 3313 ejus
410 3224 614 3306 libentrssirne
645 3221 730 3300 fecit
782 3223 897 3311 Itaque
932 3220 1091 3288 Herculea
1125 3219 1244 3322 dumus

72 3307 119 3375 ad
148 3310 397 3379 abstrahendum
425 3313 604 3378 Cerberum
631 3308 674 3377 ad
697 3308 817 3376 iuleros
846 3304 1074 3384 descenderet,
1108 3317 1203 3372 etnam

71 3393 178 3484 ipsam
199 3396 241 3463 de
259 3397 368 3464 inferis
389 3388 524 3465 reduxit.
550 3404 560 3414 '
577 3392 730 3464 Admetus
750 3394 849 3499 igitur
876 3403 1013 3488 mentem
1044 3390 1205 3478 designat,
1274 3406 1278 3424 ⁸

72 3490 111 3553 et
130 3478 246 3553 dicitur
265 3481 434 3560 Admetus,
471 3481 560 3570 quasi
581 3503 676 3568 quem
697 3492 796 3568 possit
817 3477 917 3543 adire
948 3487 1078 3558 noetus3
1113 3498 1202 3543 mena

73 3565 178 3647 enim,
208 3591 273 3639 non
297 3591 415 3658 corpus
435 3580 555 3637 metum
581 3565 724 3653 suscipit.
780 3564 846 3631 Hic
867 3561 1012 3628 Alcestcn
1039 3560 1070 3625 in
1094 3560 1244 3648 conju-dc

73 3650 168 3738 gium
195 3653 373 3731 desiderat,
415 3655 490 3743 quia
519 3646 604 3738 silus>
629 3651 740 3737 lingua
763 3648 952 3733 Attica,‚ut
978 3643 1202 3734 praediximus,
1250 3726 1252 3731 ,

70 3740 296 3825 praesumtio
318 3739 442 3805 dicitur.
492 3738 584 3805 Mens
605 3736 703 3823 igitur
724 3732 834 3801 timida
855 3730 1137 3821 praesumtionem,
1163 3730 1204 3796 id

74 3832 129 3890 est
150 3824 388 3904 animositatem,
409 3824 468 3890 sibi
490 3823 702 3903 necessariam
724 3819 842 3897 videns,
863 3815 931 3883 e'us
950 3814 1205 3918 conjunctionem

74 3906 352 3993 desiderat31sed
384 3920 421 3976 ut
441 3933 513 3975 eam
534 3920 742 3995 assequatur,
774 3902 855 3971 duas
877 3843 962 3971 lenas
985 3901 1135 4004 diversas·
1149 3924 1205 3967 ne·
1263 3974 1267 3983 ,

73 4016 172 4067 anese
192 4007 241 4065 est
261 3997 369 4064 currui
387 4019 446 4062 suo
469 3995 639 4082 adjungat,
670 3990 775 4060 idest
801 3988 885 4057 ritae
911 4011 989 4056 suae
1008 3986 1088 4056 duas
1109 3998 1206 4053 virtu-

74 4093 146 4163 tes,
169 4082 262 4149 animi
283 4081 426 4150 videlicet
446 4093 479 4148 et
499 4080 657 4169 corporis,
679 4079 824 4167 asciscat.
867 4074 996 4160 Subigit
1017 4072 1150 4146 leonem,
1171 4070 1246 4140 idas
1308 4120 1311 4127 ·

74 4180 129 4267 ‚est
150 4169 294 4239 virtutem
313 4169 424 4250 animi,
447 4170 479 4236 ct
502 4188 631 4256 aptum,
648 4162 684 4231 id
705 4174 755 4231 est
775 4162 920 4243 virtutem
943 4160 1095 4248 corporis.
1138 4158 1205 4224 De·
