2632 4658
383 174 565 281 uyuogr.
593 173 646 251 11.
700 170 905 249 athos.
1134 165 1216 249 roo

76 371 185 431 autem
212 359 360 449 Jupplter
387 360 555 442 Ammon,
590 383 630 429 eo
660 351 748 449 quod
774 359 807 426 ln
834 378 945 423 arena
975 363 1120 443 ropertus
1146 364 1214 435 αις

76 438 202 536 ἄμμον
228 446 313 514 euim
345 447 465 513 Graeci
490 469 635 512 arenam
669 444 788 525 dieunt.
844 443 945 524 Liber
974 452 1098 521 autem,
1130 439 1214 508 luter

77 534 158 605 detta
181 540 350 621 receptus,
366 531 489 623 juvenis
513 530 795 618 nudus'pingitur.
821 529 851 595 1.
875 550 952 595 aeus
965 538 1057 615 pater
1071 536 1214 605 vocatur,

78 616 169 707 quod
189 618 251 685 vini
270 617 360 706 potio
382 618 497 694 liberas
518 627 642 684 mentes
664 615 768 684 faeiat
810 553 909 681 Indos
930 612 1015 694 vicit,
1035 610 1109 699 quia
1129 611 1213 677 haee

103 726 161 771 eun
179 703 250 783 vino
266 700 377 769 dedita
393 704 451 770 est.
483 702 555 773 Hie
567 699 704 789 tigribus
724 696 862 767 insidere
882 696 1008 778 dicitur,
1030 694 1116 784 quod
1138 697 1236 762 vinoo

76 726 167 857 iotae
187 800 311 877 mentes
332 787 546 870 mulceantur;
567 780 653 853 unde
674 786 848 874 etLyaeus
864 783 997 859 dieitur,
1018 781 1108 871 quusi
1124 779 1212 847 leni-

76 884 189 939 tatem
227 886 378 943 raestans.
408 873 538 941 Juvenis
557 871 632 939 ideo
651 870 808 958 pingitur,
830 870 904 959 quia
924 887 1050 970 semper
1072 864 1212 935 ebrietas
1244 886 1249 893 '
1296 917 1297 920 ,

77 956 177 1061 ualet.¹
203 898 294 1027 ¹ldeo
314 956 436 1042 nudus,
462 960 536 1048 quia
554 956 668 1027 mentis
690 978 769 1025 suae
788 967 915 1026 secreta
933 955 1040 1022 ebnus
1062 950 1171 1025 nudat
1206 1027 1212 1035 ‚

321 1200 324 1207 ’
428 1201 539 1306 ,δὴ
569 1202 837 1282 Autonoe.
888 1272 891 1279 .

161 1336 325 1416 Autonoe,
346 1333 442 1403 tertia
461 1330 577 1400 Cadmi
597 1332 675 1416 filia,
697 1333 860 1415 Aristaeo,
884 1331 1031 1423 Apollinis
1052 1340 1087 1400 a
1107 1330 1256 1420 Cyre-to

78 1443 138 1488 nes
164 1420 336 1511 Nymphae
361 1419 594 1508 filio,‘'nupsit,
626 1429 658 1486 et
680 1441 782 1486 exeo
806 1419 902 1486 filium
921 1421 1112 1487 Actaeonem
1133 1438 1213 1503 song
1296 1433 1297 1436 ’

81 1505 177 1594 oepit.
219 1507 282 1582 Qui
303 1527 401 1596 quum
420 1504 555 1572 in'silvis
577 1516 760 1584 venaretur,
783 1504 937 1583 Dianam,
964 1527 1062 1592 quum
1083 1503 1115 1568 in
1133 1499 1213 1567 valle

77 1591 289 1693 Gargaphiae
316 1591 434 1658 aestivo
462 1602 607 1679 tempore
628 1603 661 1656 et
685 1589 812 1657 assidua
834 1591 999 1657 venatione
1020 1588 1154 1674 fatigata
1175 1608 1213 1653 oe

77 1676 120 1743 ad
149 1682 270 1744 lontem
296 1677 470 1765 perlueret,
497 1676 615 1741 nudam
646 1676 751 1742 subito
779 1676 932 1744 incurrit.
969 1673 1051 1741 Inde
1081 1675 1123 1740 ab
1158 1671 1211 1737 illa

76 1763 161 1830 irata
179 1762 212 1827 in
233 1754 361 1827 oervvim
380 1762 467 1864 ipse,
485 1784 527 1827 no
549 1760 654 1849 eloqui
676 1773 802 1848 posset,
824 1773 982 1841 mutatus,
1007 1783 1026 1825 a
1048 1760 1113 1843 suis
1130 1754 1254 1823 diei-to

76 1860 131 1915 tur
164 1848 295 1915 oanibus
324 1848 456 1935 periisse
481 1845 627 1912 laniatus.
676 1844 774 1920 Quod
802 1868 963 1935 exponens
993 1843 1213 1922 Anaximenes,

77 1932 176 2012 dicit,
201 1935 396 1999 Actaeonem
427 1933 625 1999 venationem
650 1929 812 2011 dilexisse3
841 1930 899 1997 sed
921 1953 1018 2019 quum
1041 1928 1083 1995 ad
1111 1941 1234 1995 matu-¹

77 2041 145 2085 ram
168 2018 305 2085 venisset
325 2028 480 2092 aetatem,
505 2016 712 2083 consideratis
733 2016 933 2082 venationum
961 2014 1126 2104 perieulis,
1155 2034 1213 2078 nu-

77 2105 152 2171 dam
181 2104 259 2171 artis
279 2104 434 2170 rationem
459 2101 600 2188 videns,
618 2100 778 2181 extimuit3
809 2113 841 2169 et
865 2100 940 2166 dum
963 2099 1137 2189 perieulum
1159 2118 1213 2163 vo-

78 2188 174 2256 nandi
202 2186 352 2277 sugeret,
385 2190 536 2256 affectum
564 2199 671 2255 tamen
699 2208 813 2252 canum
840 2209 903 2252 non
929 2185 1101 2263 dimisisse,
1130 2197 1255 2287 quosne

40 2346 43 2351 ,
65 2274 213 2341 'inaniter
230 2271 413 2363 pascendo,
443 2297 548 2361 paene
574 2294 699 2339 ornnem
723 2294 813 2338 suam
831 2273 1043 2341 ¹substantiam
1062 2267 1211 2362 perdtdit.

76 2360 133 2427 Ob
151 2360 219 2427 hoo
238 2382 259 2427 a
281 2359 346 2427 suis
368 2359 499 2427 nauibus
520 2358 637 2427 dieitur
658 2379 730 2425 esse
752 2356 932 2427 devoratus.

425 2607 496 2683 82.
550 2606 862 2686 Aristaeus.
975 2610 978 2615 ’
1034 2557 1037 2561 ¹

158 2733 414 2839 Aristaeus'poot
432 2737 582 2815 laniatum
602 2761 622 2803 a
644 2738 774 2806 canibus
796 2737 910 2818 filium,
933 2736 1040 2805 matris
1061 2732 1212 2802 lustiuotu

75 2817 379 2909 'l'ltebas‘'reliqu1t,
409 2834 442 2891 et
466 2822 573 2889 Chion
601 2822 734 2891 insulam
762 2824 879 2902 tenuit,
907 2823 1014 2890 adhue
1030 2820 1253 2888 hominibum

75 2926 219 2972 vaouam
281 2906 403 2976 Postea
446 2907 557 2977 relicte
593 2930 650 2990 ea,
690 2932 764 2976 cum
790 2909 936 2977 Daedalo
969 2909 1011 2978 ad
1031 2905 1212 2976 Sardiniam

76 2991 244 3059 transituris
265 2992 350 3061 fecit.
449 3040 451 3044 ι
564 3002 566 3006 ’

482 3216 551 3292 85.
605 3215 643 3291 Α
659 3247 684 3320 g
700 3246 721 3293 a
735 3247 759 3291 v
773 3245 806 3294 e.

40 3374 54 3409 κ
159 3346 287 3433 Agave,
316 3354 429 3434 quarta
455 3345 519 3413 filia
543 3343 680 3423 Cadmi,
711 3344 864 3413 Echionis
893 3364 973 3411 uxor
995 3351 1073 3406 erat.
1105 3339 1211 3413 ‘Quae

74 3431 232 3498 Liberum
252 3441 374 3521 patrem
395 3431 440 3498 ita
462 3435 494 3499 in
516 3442 679 3498 contemtu
699 3432 826 3507 habuit,
854 3439 890 3496 ut
911 3440 944 3495 et
964 3428 1111 3492 arborem
1133 3434 1254 3488 oon-to

74 3515 251 3593 soendeos,
286 3539 359 3584 oum
391 3516 455 3582 telo
487 3517 516 3581 ei
544 3516 754 3583 insidiaretur.
799 3514 899 3604 Cujus
928 3510 1009 3578 lilius
1026 3508 1211 3598 Pentheus,
1277 3506 1285 3517 ’

72 3602 307 3669 Thebanorum
340 3624 414 3681 rex,
442 3601 580 3667 similiter
609 3601 677 3690 ejus
705 3623 798 3668 saera
826 3598 1022 3686 despieiens,
1047 3594 1143 3683 jusslt
1162 3594 1231 3661 la·'

75 3685 170 3752 mulis
192 3690 278 3765 suis,
298 3698 335 3753 ut
357 3710 431 3753 eum
451 3687 585 3752 'l'hebas
606 3686 799 3767 venientem,
820 3686 956 3750 vinctum
978 3679 1038 3747 sibi
1059 3702 1211 3768 praeseu-

74 3784 192 3839 tarent.
243 3772 360 3852 Liber,
394 3785 430 3838 ut
461 3794 535 3836 eunt
567 3772 778 3839 vesanientem
814 3767 996 3846 deluderet,
1038 3788 1148 3832 versus
1177 3765 1210 3829 in

72 3861 227 3939 Aeetam,
257 3857 406 3924 comitem
433 3879 542 3935 suum,
581 3857 704 3924 vinctus
733 3853 880 3942 ducitur,
913 3865 946 3921 et
972 3853 1004 3917 in
1032 3850 1253 3917 cvvstodiamto

73 3941 220 4010 mittitur.
260 3943 359 4009 Unde
378 3943 517 4009 immissa
537 3942 632 4009 matri·
650 3954 683 4009 et
705 3941 768 4008 filio
791 3937 943 4018 amentia,
974 3939 1086 4023 Agave
1114 3934 1212 4001 lilium

73 4050 188 4107 suum,
221 4028 281 4094 sibi
311 4029 506 4094 obviantem.
536 4026 665 4092 vitulum
692 4040 823 4130 putans,
856 4048 928 4092 oum
956 4022 1066 4088 lurore
1091 4031 1213 4088 armata

73 4112 253 4179 deeolsvtt
295 4114 397 4180 Liber
424 4113 588 4180 incolumis
619 4124 726 4180 evasit.
769 4114 879 4200 Agave
907 4121 1013 4177 autem
1043 4130 1116 4174 mox
1139 4114 1213 4195 pont

74 4197 382 4288 caedemresipuit,
403 4211 437 4269 et
447 4222 492 4303 ‘se
511 4197 609 4266 tilium
631 4220 723 4268 suum
744 4196 921 4266 decollasse
943 4193 1107 4280 cognovit

191 4328 194 4339 .
282 4308 298 4342 0
512 4321 517 4327 ,
