2632 4658
124 149 206 227 182
259 212 262 223 .
449 152 631 263 alquons
659 152 732 233 111.
785 148 851 229 6.·
881 148 1078 231 tta-³16.

127 332 228 407 mltos
248 333 280 417 in
301 333 444 423 pluribus
465 333 620 422 speculis,
657 334 704 401 rei
725 334 757 405 in
778 332 998 422 uno'specuio
1018 331 1123 401 vultus
1153 331 1260 423 piures

129 429 301 507 appareut3
327 419 372 485 ite
393 419 527 491 animam
547 419 579 485 in
600 419 697 487 rebus
719 419 848 490 dirersis
868 418 1003 486 eandem
1023 441 1115 497 esse,
1136 429 1172 484 et
1192 417 1259 486 ubi-

151 527 193 571 ue
215 504 296 571 vires
316 504 454 584 habere,
489 503 562 571 licet
594 504 627 575 iu
662 505 793 575 diversis
822 525 881 595 pro
909 525 1079 592 corporum
1099 502 1261 573 habilitate

128 529 289 663 diversum
320 589 437 665 hebeat
469 589 662 659 exercitium.
716 584 903 658 Secundum
941 612 1037 678 quam
1072 591 1260 658 seutentiam
1301 600 1304 685 t

107 674 234 745 enullus
262 673 412 753 moritur,
452 673 596 741 videlicet
628 685 663 742 ut
698 675 928 768 separationem
961 675 1085 741 animae
1101 675 1260 763 patiatur,
1301 694 1304 781 q

131 761 207 847 quia
228 783 299 826 eam
321 759 431 833 meunt
448 782 619 847 numquam
638 782 658 825 a
679 773 818 848 quatuor
846 759 1008 829 elementis
1036 759 1200 848 separari,
1230 760 1261 825 in
1302 792 1304 815 :

132 869 216 933 quae
237 846 341 917 omnia
363 866 500 928 corpora
520 845 729 929 resolvuntur.
759 843 837 913 ,sed
859 859 935 912 tunc
956 843 1073 917 dieitur
1101 845 1184 913 mori
1208 843 1261 913 ali-
1302 850 1304 929 ζ

133 931 221 1018 quis,
243 951 340 1019 quum
360 928 391 997 in
412 930 462 997 illo
487 931 590 1002 anlma
610 932 752 1032 priorum
771 930 918 1017 relinquit
935 930 1047 1001 virium
1067 929 1260 1000 exercitium.
1302 942 1304 991 ἶ

134 1015 244 1085 Anime
264 1016 348 1082 enirn
367 1038 465 1103 quum
484 1016 516 1080 in
538 1018 700 1098 omuibus,
740 1027 775 1084 ut
804 1015 955 1095 diximus,
996 1015 1187 1117 corporibus
1208 1038 1262 1104 pa·

94 1120 218 1178 aorem,
239 1113 391 1189 quantum
411 1099 452 1167 nd
471 1124 524 1179 se,
548 1100 666 1170 habeat
686 1113 895 1190 potestatem,
915 1101 947 1167 in
968 1099 1122 1189 aliquibus
1144 1111 1260 1181 umen,

133 1185 217 1252 rnole
235 1187 379 1275 corporis
399 1185 608 1273 impediente,
652 1211 723 1259 earn
744 1209 896 1252 exercere
925 1207 988 1253 non
1006 1197 1123 1275 potest
1166 1186 1260 1252 Diea-

135 1274 211 1338 bant
232 1271 299 1353 alii,
336 1271 528 1339 mundanam
557 1270 692 1342 eandem
723 1272 858 1339 animam
885 1271 1004 1359 pariter
1024 1292 1098 1337 cum
1125 1269 1261 1337 humana

134 1358 238 1424 anima
257 1358 289 1424 iu
308 1356 434 1423 homine
455 1380 542 1436 esse,
576 1369 609 1424 et
630 1358 674 1424 dc
692 1382 731 1425 ea
753 1360 875 1425 vermes
895 1357 927 1425 in
949 1356 1076 1429 homine
1098 1355 1262 1438 vivificeri3

136 1443 245 1531 sicque
267 1440 402 1510 eundem
422 1442 581 1511 hominem
604 1441 684 1511 duas
706 1443 825 1512 animas
846 1442 965 1507 habe're
986 1441 1180 1512 asserebant.
1222 1485 1225 1489 ψ

96 1545 130 1593 15
222 1529 272 1594 15.
313 1527 460 1597 Nonnulli
483 1529 575 1599 etiam
596 1540 686 1609 sunt,
720 1529 772 1616 qui
797 1528 951 1594 humanas
973 1523 1111 1606 animas,
1145 1527 1189 1594 ab
1209 1548 1261 1595 ex·
1294 1582 1296 1587 .

136 1612 226 1680 ordio
246 1613 354 1679 mundi
374 1613 491 1693 iactos,
519 1613 603 1680 etin
625 1636 792 1702 compares
813 1611 917 1680 stellas
944 1622 1104 1700 tamquam
1121 1612 1159 1677 'in
1179 1610 1261 1678 rehi-

101 1750 103 1755 ,
136 1697 207 1764 cula
235 1697 353 1766 locatas
374 1696 509 1780 adimat,
543 1697 648 1766 donec
667 1698 811 1788 quotidie
830 1696 1054 1786 incorporandi
1079 1697 1186 1765 studio
1207 1695 1261 1763 de·

136 1780 299 1850 scendant.
340 1782 424 1849 Nam
447 1785 488 1849 ab
518 1784 648 1858 Abelica
675 1785 793 1859 virtute
820 1805 857 1850 se
890 1792 1111 1875 argumentum
1145 1782 1263 1849 habere

137 1869 346 1944 arbitrantur,
376 1869 464 1956 quod
484 1869 615 1938 dicitnr:
647 1870 736 1939 Ecce
755 1893 822 1935 vox
848 1868 1037 1956 sanguinis
1052 1864 1190 1968 fratris
1209 1866 1263 1933 tui

95 1953 408 2021 acclamatorium
429 1955 471 2021 de
501 1967 618 2029 terror
652 1954 685 2020 id
713 1967 763 2023 est
793 1955 932 2031 animae,
971 1963 1005 2019 ut
1033 1961 1137 2045 ajunt,
1204 1973 1264 2018 uae

136 2040 322 2125 corporibus
343 2039 424 2109 natis
445 2038 487 2104 de
508 2042 663 2127 sanguine
681 2041 758 2108 Abel
779 2049 870 2104 crant
889 2036 1155 2124 incorporandae,
1204 2036 1263 2102 deo

136 2126 235 2205 enim,
265 2124 423 2212 inquiunt,
458 2125 651 2206 clamabant,
707 2126 758 2198 uia
788 2125 964 2212 perlectam
988 2120 1263 2194 beatitudinemiu

136 2210 324 2360 porporibps
346 2210 460 2285 mereri
488 2211 642 2362 rolqbaqt
683 2150 825 2313 illpjpris
840 2209 939 2363 stquitus
961 2206 1159 2360 auotorittetis
1180 2206 1264 2273 dice·

94 2308 220 2468 „322
243 2310 1034 2468 lll⁰a¹tntlsstnf¹¹¹⁵sa⁰tt⁵,traditi
1050 2315 1142 2450 'tlt
1170 2314 1265 2459 llil}

137 2464 278 2533 undeet
304 2465 386 2539 laaec
406 2468 561 2535 sententia
589 2468 699 2535 frivola
721 2403 896 2559 judicanda
917 2474 975 2534 est.
1024 2463 1071 2547 Hi
1095 2483 1173 2531 vero
1203 2462 1266 2552 qui,

136 2563 288 2639 utsupra
309 2549 463 2632 diximus,
496 2555 631 2626 animam
657 2576 729 2624 esse
754 2565 876 2640 partem
898 2549 1022 2619 divinae
1043 2550 1201 2617 essentiae
1220 2548 1266 2614 di-

136 2637 270 2716 cebant,
308 2638 349 2703 ab
381 2636 433 2702 illo
462 2637 533 2704 loco
561 2639 709 2721 trahunt,
747 2638 801 2707 ubi
828 2637 961 2709 dieitur:
1003 2633 1202 2721 Inspiravir
1230 2635 1267 2698 in

133 2719 263 2805 faciem
284 2721 358 2807 ejus
378 2721 592 2808 spiraculum
612 2723 716 2789 vitae.
760 2725 855 2789 Haec
876 2732 1001 2800 autem,
1033 2718 1137 2805 ajunt,
1172 2717 1269 2807 parti-

95 2806 210 2873 socula
230 2828 293 2871 non
316 2803 408 2877 rediit
429 2806 577 2894 amplius,
605 2818 643 2874 ut
662 2832 735 2877 cum
757 2808 818 2874 deo
839 2808 999 2885 uniretur3
1034 2803 1173 2871 undeet
1193 2825 1269 2892 pec·

136 2913 212 2955 care
233 2903 347 2977 potest
389 2891 434 2961 Hi
457 2913 538 2980 ergo
560 2891 603 2959 de
623 2892 687 2962 deo
717 2918 736 2960 a
763 2908 818 2969 unt
847 2905 1009 2980 tamquam
1036 2888 1145 2960 localis
1169 2904 1203 2957 et
1217 2888 1270 2955 di-

53 3024 57 3035 ,
136 2976 260 3043 risibilis
288 2977 338 3044 sit.
389 2979 541 3051 Asserant
577 2977 619 3045 de
651 2917 804 3068 angeicis
833 2976 1015 3052 substantiis
1044 2975 1112 3054 alii,
1151 2973 1202 3044 alii
1230 2971 1271 3041 de

25 3122 32 3149 ,
135 3060 270 3129 traduce
290 3061 411 3131 semine
431 3065 551 3135 animas
572 3066 676 3146 nasci;
697 3076 733 3142 ut
751 3066 833 3137 sicut
851 3065 984 3130 scissum
1007 3062 1057 3129 'est
1077 3082 1196 3146 eorpus
1210 3059 1270 3140 :filii

136 3148 178 3215 de
200 3147 375 3220 substantia
399 3151 509 3243 patris,
530 3151 573 3217 ita
595 3162 728 3253 putetur
748 3163 781 3227 et
800 3149 903 3223 anime
920 3146 1103 3237 provenire;
1124 3145 1271 3213 trahunt.

95 3236 946 3388 ”lttriffitlfflt⁰⁰A⁸A⁰¹l¹¹dl¹t¹⁰ttl
969 3231 1058 3381 „dl
1082 3231 1273 3385 titii·

135 3428 197 3471 nec
219 3344 346 3471 aliunde
367 3345 594 3486 adduci,⁰sed
617 3344 709 3479 simiai
727 3344 802 3474 ¹enum
823 3343 901 3493 ipso
922 3424 1061 3490 corpore
1090 3402 1188 3469 nasci.
1230 3365 1275 3469 El

135 3500 185 3557 est
205 3501 332 3578 tempus
360 3490 523 3577 quoddam
544 3488 790 3562 determinatum
824 3502 897 3578 post
920 3488 1161 3575 conceptionem
1181 3487 1274 3553 semi·

136 3576 203 3657 nis,
231 3575 319 3669 quod
339 3575 371 3649 in
393 3598 510 3669 corpus
534 3578 705 3653 humanum
727 3578 902 3665 redigitur,
923 3597 988 3667 quo
1009 3573 1151 3647 nascitur
1170 3574 1275 3647 anima

94 3678 210 3728 aecum
233 3683 380 3750 corpore.
966 3678 969 3687 ·

221 3749 271 3814 16.
312 3746 443 3813 Animae
464 3757 571 3814 autem
593 3746 677 3818 duae
700 3759 774 3821 aunt
794 3750 894 3828 vires,
914 3769 978 3830 una
999 3747 1154 3836 superior,
1176 3746 1275 3815 altera

134 3832 276 3899 inferior.
316 3831 447 3906 Animae
476 3835 621 3921 superior
649 3833 694 3899 ris
724 3834 912 3909 caelestibus
943 3831 1097 3903 adhaeret
1118 3844 1152 3900 et
1169 3832 1274 3903 lucor-

135 3918 350 4006 ruptibilibus,
379 3931 412 3984 et
432 3917 716 4007 illacnncupiscit,
744 3933 940 4009 vocaturque
967 3917 1180 3997 rationalitas,
1212 3917 1276 4006 spi-

138 4006 232 4085 ritus,
261 4003 408 4084 domina,
437 4027 544 4085 mens,
576 4006 708 4071 animus.
750 4006 887 4073 Inferior
909 4014 974 4079 est,
1004 4027 1087 4092 quae
1108 4003 1276 4091 voluptati·

95 4092 214 4161 asbus.
235 4088 378 4176 corporis
413 4091 602 4174 consentits
621 4100 818 4181 vocaturque
851 4086 1057 4170 sensualitas,
1091 4089 1277 4165 animalitas,

140 4174 275 4254 famula,
295 4197 395 4240 mens.
432 4174 563 4266 ¹Eistnue
584 4177 775 4255 superioris,-
804 4188 840 4245 ut
859 4176 1042 4243 inferiorern
1061 4186 1167 4264 reget
1209 4172 1278 4243 Sed
