2632 4658
134 196 225 252 Xl'lll
516 188 622 247 orris
658 189 832 247 orscmrr
834 189 880 247 10.

103 410 106 415 -
138 362 206 445 ait,
229 357 421 510 eoglnomine
442 346 567 445 Byrsa,
601 356 637 421 id
663 368 713 421 est
742 356 880 423 corium.
930 354 1021 421 llaec
1056 354 1270 445 dispositione

138 448 231 514 valde
259 442 494 536 goriosissima
515 450 662 523 constat,
693 466 777 532 quae
805 443 840 507 in
870 439 1050 507 directione
1072 441 1222 507 vicorum
1241 453 1272 507 et

137 534 319 625 platearum
340 526 532 616 aequalibus
561 527 660 591 lineis
679 551 835 611 currens,
866 549 1019 616 magnum
1040 526 1148 591 adbuc
1176 550 1271 615 super

137 618 245 687 omnia
281 616 405 681 bonum
432 611 531 677 babet
562 611 597 677 in
619 624 742 715 portu,
777 613 836 702 qui
865 611 1047 677 securitatis
1069 622 1121 677 est
1139 612 1271 707 plenus,

138 719 172 772 et
191 727 276 771 noro
297 701 370 766 risu
390 697 581 787 Neptunum
602 720 675 763 sane
702 698 818 763 timore
840 697 978 763 naribus
999 707 1166 785 praestare
1184 697 1270 783 ride·

139 804 204 858 tur.
250 786 468 874 Praecipuum
502 806 579 849 rero
613 782 703 847 alind
724 784 760 848 in
792 808 830 848 ea
863 806 947 871 opus
979 782 1130 848 invenies
1165 782 1270 873 publi·

138 901 233 963 cum,
265 873 374 938 vicum
403 868 671 1018 opprobriorum.
731 868 805 934 lloc
834 880 942 951 autem
975 868 1011 933 in
1041 893 1078 933 ea
1108 868 1270 958 culpabile

15 970 17 977 '
137 959 335 1051 repperitur,
358 980 423 1045 quo
467 954 669 1019 contentiose
694 954 793 1019 nimis
809 964 957 1043 spectant
982 955 1020 1045 1).
1065 954 1143 1042 Ipsa
1167 964 1270 1021 eutem

138 1051 229 1138 regio
254 1044 388 1108 Africae
411 1049 461 1106 est
480 1039 574 1105 valde
601 1038 701 1123 bona,
724 1040 815 1105 dives
836 1051 869 1105 et
896 1040 1199 1128 ampla'abomines
1219 1065 1269 1104 au·

104 1130 202 1201 ‘tem
230 1129 396 1219 indiguos
415 1124 541 1190 babens
569 1125 712 1214 putriaea
747 1125 854 1190 dolosi
885 1125 973 1190 enim
1004 1148 1077 1192 esse
1106 1124 1269 1211 dicuntur,

35 1290 38 1295 ,
66 1218 68 1225 ’
136 1210 355 1308 alia’quidem
377 1210 544 1301 dicentes,
566 1211 682 1276 etalio
704 1211 882 1296 facientes,
904 1210 982 1276 licet
1004 1210 1091 1276 inter
1111 1211 1270 1301 plurimae

135 1305 238 1374 malos
268 1298 366 1391 pauci
392 1296 473 1362 boni
503 1296 633 1386 possint
659 1296 797 1361 forsitan
829 1296 982 1362 inveniri.

219 1407 275 1473 38.
328 1400 459 1468 Deinde
499 1409 576 1490 post
611 1422 740 1465 omnem
773 1398 908 1465 Africae
943 1392 1112 1491 regionem
1149 1394 1270 1467 adiacet

137 1504 223 1561 terra
252 1491 380 1557 deserta
408 1484 503 1553 valde
524 1483 682 1551 latissima
706 1485 741 1549 in
790 1484 915 1549 artibus
946 1485 1071 1565 austri,
1096 1483 1158 1549 ubi
1182 1486 1270 1551 aiunt

135 1578 348 1643 barbarorum
384 1580 514 1662 gentem
573 1570 724 1635 cesimum
759 1508 927 1654 dubitare,
969 1570 1028 1661 qui
1060 1568 1207 1641 Mazices
1240 1583 1270 1637 et

125 1663 327 1750 ‚Aethiopes
348 1668 516 1723 vocantur.
548 1594 642 1721 1Post
662 1678 746 1745 qnos
776 1653 1020 1745 pentapolitana
1048 1654 1141 1745 'regio
1164 1658 1268 1747 sequi·

96 1776 99 1785 ⁴
135 1756 209 1832 tur,
238 1745 365 1812 modica
391 1742 525 1846 quidem
546 1740 605 1806 sed
627 1741 718 1806 dives
740 1739 902 1805 fructibus
925 1751 958 1806 et
979 1741 1159 1825 iumentis,
1189 1768 1268 1832 qnae

133 1835 215 1902 duas
228 1830 327 1899 babet
347 1828 492 1895 civitates
504 1827 668 1917 antiquas,
690 1824 926 1892 Ptolemaidem
946 1836 979 1891 et
999 1826 1167 1917 Cyrenes'r,
1190 1853 1267 1918 quas

135 1920 250 1987 dicunt
272 1914 448 2006 aliquando
479 1935 645 2002 regnasse.
711 1911 792 1977 Post
826 1934 923 2001 qnam
956 1912 1056 1979 altera
1087 1912 1268 2017 provincia,

135 2030 219 2097 quae
240 2002 345 2090 Libya
370 1999 504 2082 dicitur,
526 1998 567 2063 ab
589 2022 706 2064 occasu
718 1996 748 2087 ²)
768 1997 989 2063 Alexandriae
1001 2022 1166 2088 proxima,
1188 2024 1269 2089 quae

39 2152 44 2175 ,
134 2088 562 2237 ”9n·⁸⁰⁰il,i⁸1¹,¹⁸t⁸quimh⁶
584 2085 688 2166 caclo,
710 2083 889 2233 ὶὲιοριεωιεεῐί
902 2083 1011 2185 valdo,
1033 2084 1173 2235 elil-dms
1194 2109 1268 2175 pau.

135 2191 1102 2358 ttttttttrtfp..t”⁰.{z..t'¹t.⁰”....t..,t..'3⁸aa}
1118 2182 1273 2347 §.mill

135 2347 212 2413 inde
241 2345 335 2410 locus
360 2350 516 2430 sequitur
539 2340 782 2406 Alexandriae.
836 2339 940 2404 llaec·
956 2350 1007 2404 est
1034 2351 1144 2407 autem
1172 2344 1270 2409 totins

134 2432 224 2500 orbis
245 2441 350 2495 terrac
374 2424 574 2515 descriptio,
606 2448 704 2515 quam
732 2449 773 2489 ex
804 2434 897 2513 parte
916 2426 1084 2514 potuimus
1103 2450 1266 2494 enarrare.

219 2544 276 2608 39.
321 2537 419 2605 Nunc
437 2539 501 2603 iam
516 2537 612 2603 ctiam
633 2538 673 2602 de
697 2536 815 2601 insulis
833 2560 936 2625 pauca
957 2536 1114 2605 dieamus.
1160 2543 1269 2612 Habes

139 2651 216 2718 ergo
238 2625 420 2692 oboriente
441 2623 579 2712 primam
600 2623 741 2688 insulam
761 2633 793 2686 et
814 2623 985 2688 maximnm
1007 2624 1168 2729 Cyprum,
1188 2654 1269 2721 quae

134 2739 201 2799 non
230 2721 305 2802 eget
324 2709 458 2774 alterins
478 2709 667 2811 provinciae
687 2708 722 2771 in
751 2708 803 2771 bis
834 2732 918 2857 :puae
951 2709 1195 2780 adsumendum
1216 2743 1268 2784 na.

64 2862 71 2870 ,
134 2822 208 2864 vem
229 2806 307 2867 sunt
325 2817 526 2859 necessaria:
559 2794 594 2857 in
617 2816 652 2857 sc
687 2793 775 2856 enim
795 2795 836 2856 ha
860 2816 915 2858 ere
936 2796 1043 2860 omnia
1064 2801 1258 2887 perbihetur

134 2886 197 2948 boe
221 2892 272 2947 est
293 2879 382 2969 ligna
403 2879 553 2962 diversa,
575 2888 815 2960 aeramentum,
836 2880 980 2961 ferrum,
1001 2882 1130 2969 picem,
1152 2853 1269 2977 linum:

134 2979 176 3035 et·
187 2967 323 3033 restium
342 2987 459 3030 usuma
482 2975 516 3030 ct
532 2964 612 3053 aliis
633 2964 745 3029 multis
763 2964 861 3029 bonis
880 2963 911 3054 a)
930 2963 1051 3031 dicitur
1068 2968 1267 3041 habundare.

133 3054 263 3120 Deinde
285 3051 440 3135 Euboea,
464 3074 561 3141 quam
583 3074 655 3116 csse
676 3051 769 3115 valde
791 3050 936 3115 nobilem
958 3052 1090 3138 ferunt,
1121 3068 1156 3121 ct
1187 3062 1268 3127 mul-

50 3148 56 3155 “
134 3142 176 3206 tis
198 3138 295 3204 bonis
319 3145 475 3202 ornatam.
519 3135 600 3200 Post
626 3136 730 3224 ipsam
763 3135 887 3201 insulas
918 3135 1067 3202 invenies
1098 3140 1267 3230 Cycladas,

135 3246 218 3316 quae
239 3224 317 3289 licet
338 3222 457 3286 multae
480 3220 559 3303 sint,
582 3245 696 3285 omncs
716 3231 823 3284 minen
846 3244 942 3286 suum
963 3222 1105 3291 iudicem
1125 3230 1266 3298 hahent2

135 3332 273 3403 quarum
290 3308 417 3396 aliquas
440 3318 473 3372 ct
497 3306 629 3371 nomine
650 3330 829 3371 memorare
850 3330 984 3371 necesse
1009 3319 1076 3374 est.
1170 3302 1172 3307 ⁵

218 3422 277 3487 dt).
323 3420 362 3485 ln
383 3418 499 3509 primis
521 3404 599 3508 ergo
621 3397 775 3483 Rhodum
795 3441 978 3505 ponamus,
1009 3420 1043 3488 in
1095 3447 1136 3489 ua
1158 3427 1267 3494 civitas

136 3509 274 3573 maxima
295 3507 381 3589 fuit,
410 3530 494 3596 quac
515 3505 556 3568 ab
579 3505 626 3569 ira
649 3503 715 3569 Dei
737 3503 891 3569 subversa
916 3515 966 3571 est
984 3507 1024 3597 4).
1070 3444 1110 3577 idn
1131 3512 1267 3581 ham.

197 3733 371 3857 ,Pssl‘ffiP
388 3728 558 3802 spectacula,
584 3730 659 3783 sacua
677 3744 755 3800 supra
773 3729 868 3783 dictam
887 3729 920 3782 aa
937 3730 1168 3802 Constantinopoli.
1206 3704 1268 3788 eoas

131 3822 195 3875 expe
224 3820 242 3855 ἅ
275 3843 282 3862 .
464 3818 470 3828 “
1288 3844 1291 3849 .

202 3893 235 3961 2)
255 3894 372 3943 Occasus
389 3890 485 3947 dieitur
501 3891 535 3946 de
552 3893 605 3945 situ
621 3891 801 3947 Alexandriae.
906 3930 912 3938 -

202 3984 235 4051 3)
253 3983 374 4051 Intelligo
392 3984 543 4052 religionem
565 3980 737 4037 christianam.

202 4075 232 4144 a)
251 4074 316 4129 Cod.
334 4074 394 4126 alia
410 4071 498 4126 multa
520 4069 598 4123 bona.
820 4128 823 4137 Ι

202 4166 235 4232 4)
250 4164 350 4220 Terrae
375 4172 447 4222 motu
471 4164 585 4230 scilicet,
610 4179 678 4219 anno
706 4162 849 4218 Constantii
881 4164 943 4232 imp.
969 4167 1077 4226 octavo,
1108 4169 1140 4217 nt
1174 4164 1270 4221 Cedre-

52 4244 58 4253 “
133 4252 181 4292 nus
207 4243 313 4291 namt.-
