2632 4658
144 147 226 241 tm
428 148 611 254 mum.
639 151 692 229 ιι.
747 149 826 229 rer
844 151 1008 231 --rsa

142 334 201 423 lpsl
222 332 536 404 vellerisaufereudi
564 354 605 403 ea
690 335 914 422 eccncessit‚
950 337 1132 422 situum,
1165 340 1277 431 ignem

143 419 271 489 naribus
292 421 457 500 efflantes,
490 421 544 508 qui
565 420 652 508 apud
701 418 810 489 clcbos
829 420 1038 491 indomabiles
1063 436 1175 507 erant,
1208 429 1277 496 ‘nn-

143 528 242 592 gens‚
270 505 418 585 draconis
440 504 551 575 dentes
572 517 705 573 sereret.
748 507 928 594 Cuiquam
947 507 982 574 id
1000 507 1131 579 difficile
1151 512 1182 579 ri
1206 536 1276 581 ere-

144 605 214 673 tur,
240 590 359 659 Medea
379 613 495 677 maga,
527 595 648 660 Aeetae
669 590 757 678 regis
777 592 858 672 lilia,
879 592 994 661 virtute
1013 594 1276 682 eiusdelectats,

117 699 218 753 seam
246 698 344 765 quum
363 679 528 757 humasset,
558 691 738 764 serpentem
770 677 957 759 incantavit,
994 690 1029 748 ct
1060 680 1093 747 in
1125 690 1276 773 soporem

143 762 244 831 vertit.
293 762 398 837 Quem
419 761 524 828 statim
555 763 651 829 lason
678 761 856 842 interfecit,
885 762 1017 852 ejusque
1047 765 1162 835 dentes
1187 770 1275 836 acci-

164 848 250 927 iens‚
277 842 395 934 junctis
417 846 554 913 Medeae
575 847 695 915 artibus
713 847 831 929 tauris,
860 846 970 934 ignem
988 850 1118 919 naribus
1137 852 1275 922 efflanti-

141 871 220 1013 ¹bus,
236 986 239 991 .
255 930 287 1003 in
312 954 460 1020 campum
490 933 614 1001 transiit
631 943 663 999 et
690 934 778 999 sevit.
831 932 944 1000 Tertio
965 932 1018 1001 die
1037 949 1180 1021 armatus
1197 938 1274 1011 ,iude

109 1082 113 1092 ,
143 1017 278 1084 surrexit
305 1019 482 1097 exercitus,
513 1017 567 1106 qui
593 1018 627 1082 in
647 1017 801 1101 {tasonem¹
827 1017 979 1118 impetum
1010 1018 1095 1089 fecit
1147 1020 1273 1092 Deinde

102 1099 280 1169 10Medeae
301 1104 421 1171 artibus
442 1103 475 1168 in
496 1125 533 1168 se
554 1102 749 1183 concitatus,
782 1114 897 1169 mutum
929 1116 979 1170 est
1003 1103 1192 1176 interemtus
1211 1109 1273 1177 rul-

141 1187 280 1254 neribus.
332 1186 446 1269 Iascn,
484 1187 618 1254 victoria
653 1188 789 1275 potitus,
833 1188 1109 1277 ablatam'pellem
1144 1197 1272 1263 revexit

139 1271 278 1347 Deinde,
302 1271 425 1338 Medea*
452 1295 541 1354 eum,
583 1271 702 1339 relictis
737 1268 885 1353 Colchis,
921 1296 1058 1361 sequens
1088 1276 1207 1359 dicitnr
1242 1279 1283 1349 in

139 1357 263 1437 Italiam
283 1359 481 1447 pervenisse,
516 1368 550 1425 et
570 1357 704 1446 populos
725 1356 896 1446 quosdam,
931 1360 1016 1437 circa¹
1037 1362 1198 1433 Fucinum
1219 1365 1271 1434 ba-

140 1444 277 1510 bitautes
297 1443 418 1523 lacum,
439 1442 579 1510 remedia
604 1456 716 1512 contra
735 1454 899 1530 serpentes
922 1443 1088 1529 docuisse;
1118 1450 1270 1539 aquibus
1297 1450 1300 1455 ’

97 1529 238 1595 tecnam
257 1527 414 1615 Angitia
434 1529 594 1597 nominata
615 1539 681 1612 est,
718 1550 758 1595 eo
787 1528 874 1617 qued
905 1529 974 1622 ejus
995 1533 1190 1623 carminibus
1208 1558 1270 1607 ser·

138 1624 251 1703 pentes
270 1623 497 1703 angerentur·
948 1644 951 1648 ¹

421 1824 433 1877 ·'
542 1805 636 1886 157.
696 1810 878 1889 Medea.

181 1982 184 1987 -
224 1934 322 2004 Iason
343 1947 512 2041 postquam
532 1936 681 2005 Medeam
703 1937 918 2005 inGraeciam
931 1936 1041 2017 duxit,
1063 1947 1097 2005 et
1109 1922 1289 2039 promisse

64 2104 67 2111 Ι
142 2020 202 2090 sibi
223 2023 374 2112 conjugio
396 2024 571 2111 copularit,
604 2048 642 2091 ex
663 2026 768 2092 multis
790 2026 888 2089 rebus
907 2023 1067 2109 ingenium
1088 2046 1158 2105 erus
1180 2037 1270 2094 eume

97 2120 314 2196 20expertus‚
336 2107 464 2176 demum
486 2108 593 2200 pellit,
614 2123 649 2177 ut
669 2121 832 2199 parentem
856 2110 1012 2175 Aesoneln
1034 2109 1067 2173 in
1087 2107 1272 2178 adolescens

138 2194 216 2261 tiam
235 2193 497 2261 transformaret..
531 2197 573 2262 At
591 2194 651 2275 illa,
673 2195 814 2265 nendum
833 2215 944 2260 amere
966 2193 1070 2280 posito
1121 2197 1270 2283 ¹quemin

97 2284 102 2296 “
139 2301 213 2345 eum
234 2278 362 2359 babuit,
396 2279 530 2362 herbas,
558 2302 691 2367 quarum
713 2281 860 2346 virtutem
882 2290 1034 2356 noverat,
1068 2242 1203 2349 dirersis
1221 2303 1270 2347 re-

134 2364 287 2451 'ginnibus
318 2365 496 2453 quaesitas,
528 2363 631 2431 aheno
658 2366 850 2451 incoquens‚
885 2367 1042 2431 Aesonem
1071 2363 1270 2437 interemtum

137 2448 443 2540 tepidirqneherbis
464 2451 566 2520 sotum
586 2451 618 2518 in
638 2451 803 2541 pristinum
825 2451 968 2537 rigorem
990 2445 1127 2516 reduxit.
1149 2479 1152 2489 ·
1188 2496 1200 2509 ,

94 2720 131 2769 25
181 2750 184 2755 ,
418 2670 511 2746 rsa.
564 2616 988 2748 turstanum.
1064 2672 1074 2681 ·

134 2844 138 2852 -
160 2798 163 2803 ’
222 2764 323 2865 Liber
344 2810 436 2888 pater
455 2810 492 2868 nt
511 2798 730 2867 animadvertit
750 2800 881 2867 Aesonis
903 2809 1101 2867 senectutem
1121 2799 1268 2870 remediis
1306 2822 1308 2841 ³

135 2879 272 2949 Medeae
293 2885 472 2971 expulsam,
491 2886 610 3037 petiit,
642 2896 679 2951 ut
705 2887 844 2953 nutrices
877 2908 951 2952 suas
968 2886 1001 2951 in
1022 2885 1269 2955 adolescentium

137 2969 281 3070 vigorem
301 2982 448 3037 mutaret.
524 2971 592 3072 ujus
609 2969 754 3072 petitioni
774 2971 992 3052 consentiens,
1021 2968 1133 3038 iisdem
1167 2991 1280 3039 reme-¹

137 3053 214 3131 dits,
248 3055 361 3147 quibus
393 3068 426 3123 et
450 3056 554 3122 Aeson
575 3059 847 3147 1nJuvenescebat‚
875 3056 984 3123 Liberi
1007 3057 1145 3125 nutrices
1169 3059 1202 3124 iu
1223 3058 1267 3123 'u-

94 3138 271 3220 30venilem
292 3140 443 3231 rigorem¹
454 3141 624 3229 redigens,
652 3142 774 3209 Libero
796 3154 961 3208 aeternnm
984 3163 1093 3209 secum
1123 3083 1268 3211 tenedon

137 3222 254 3315 pignus
274 3226 419 3293 firmavit.
448 3225 530 3303 'Sed
575 3250 648 3293 uum
670 3250 741 3294 eam
760 3228 855 3293 Iason
877 3249 1049 3313 spernens,
1080 3227 1268 3316 superindu-

134 3323 223 3401 ceret
244 3309 406 3390 Glaucen,
427 3308 520 3377 filiam
543 3250 709 3392 (imbutis,
744 3310 861 3379 Medea
890 3310 978 3379 dedit
1000 3311 1100 3400 pellici
1118 3315 1267 3395 tunicam,

133 3395 260 3463 uenenis
283 3407 316 3464 et
336 3394 406 3462 allio
427 3395 587 3477 inlectam.
637 3399 741 3471 Quam
763 3420 860 3486 quum
888 3396 938 3462 illa
962 3397 1126 3479 indueret,
1163 3400 1268 3488 coepit

61 3510 68 3523 ·
134 3480 269 3557 eremari
287 3481 445 3549 incendic.
500 3482 597 3551 'l'unc
623 3481 762 3562 Medea,
797 3483 935 3549 animum
956 3481 1079 3551 Iasonis
1100 3496 1214 3553 contra
1233 3508 1268 3555 sc

23 3598 28 3604 ·
93 3566 302 3637 assuevientis
334 3567 602 3650 consumimus,
644 3568 709 3638 suis
737 3568 926 3660 Iasonisque
966 3569 1047 3639 natis
1081 3569 1268 3655 interemtis,

133 3650 218 3723 alato
233 3664 383 3746 serpente
403 3653 538 3743 aufugit.

533 3866 626 3942 159.
688 3869 868 3944 Pontia.

143 3980 160 4009 ³
217 3995 335 4063 Pontia
356 3992 504 4063 meretrix
524 3996 669 4066 Petronii
688 3997 752 4062 filia
773 3997 848 4076 suit,
871 4019 954 4083 quae
974 3995 1054 4063 lilios
1074 4019 1150 4066 suos
1171 4022 1269 4088 pecu-

135 4078 206 4147 niae
226 4103 341 4162 caum,
363 4088 398 4148 ut
417 4105 489 4149 eam
510 4080 644 4149 donaret
664 4081 827 4161 adulteris,
854 4080 999 4148 vendidit.
1042 4083 1137 4157 Quae
1158 4097 1271 4172 postea

85 4179 173 4263 ¹tuse
194 4166 293 4257 ipsam
307 4167 471 4256 prodens,
499 4166 630 4255 largiter
650 4167 794 4257 epulata,
828 4167 932 4234 incisis
956 4165 1040 4233 venis
1056 4170 1157 4256 periit
