2632 4658
305 112 624 283 [mmm.
677 154 719 237 a.
755 143 840 237 'ao
1073 155 1162 237 aas
1259 126 1265 138 ’

46 349 84 407 st.
129 336 224 407 Unde
247 337 326 406 deos
345 316 541 408 immortales
560 336 711 422 dicimos,
741 339 817 430 quie
843 339 905 410 iste
927 363 992 411 non
1012 344 1159 415 rendunt.

46 424 95 492 ¹red
116 427 296 492 Centauros
316 437 359 492 et
380 425 521 517 Scyllas,
557 427 733 512 Gorgonae
763 438 810 495 et·
824 426 1002 519 Harpyias,
1035 431 1167 520 aliaque·

47 511 227 601 rodigiosa,
253 510 331 577 ideo
346 511 438 601 juxta
458 509 776 583 Servium-utebnlari
805 510 954 582 dicuutur
973 517 1005 581 in
1027 517 1158 594 foribus,

46 598 99 663 uia
120 620 204 748 «puae
229 608 341 664 contra
368 608 513 663 naturam
534 609 701 678 creantur,
733 597 837 665 statim
863 612 1025 688 pareunt.¹
1050 602 1164 669 Porro

45 683 162 748 ormuii
180 682 300 750 inferos
321 683 381 747 sub
402 692 490 750 terra
509 704 582 748 esse
599 680 781 762 voluerunt,
812 706 833 750 a
854 686 1101 774 'cosmographis
1122 699 1180 778 etp
1206 694 1212 713 ⁶
1255 679 1258 699 '

47 768 220 856 ecgraphis
242 779 464 856 argumentum
486 789 524 834 sc
548 767 670 835 habere
690 768 921 854 existimantes,
954 772 1010 860 qui
1038 783 1158 839 terram

46 854 241 941 ohaericant,
270 867 305 922 et
327 875 411 941 aqua
433 864 466 920 et
486 859 563 919 aere
581 855 753 921 sustentari
773 852 891 923 dicunt
933 853 1030 933 Quod
1049 857 1076 924 si
1089 869 1156 935 est,

46 949 129 1007 otest
154 939 284 1007 navibus
307 937 350 1003 nd
371 937 537 1027 anu‘podas
556 939 728 1027 perveniri,
780 938 830 1020 ni,
860 953 1013 1029 quantum
1034 942 1077 1009 ed
1096 965 1157 1009 nos

46 1033 161 1105 nectat,
188 1024 281 1090 inferi
310 1034 405 1104 sunt,
433 1024 520 1092 sicut
546 1046 605 1091 nos
632 1024 699 1092 illis.
777 1025 889 1094 'cet
907 1030 1035 1096 Aeneae
1054 1026 1086 1093 iu
1106 1029 1154 1094 in-

46 1106 113 1175 nno
144 1109 264 1176 dictum
303 1112 430 1196 putant':
474 1109 649 1197 Pelagine
681 1109 779 1175 venis
813 1109 987 1178 erroribus
1023 1116 1153 1178 actua?
1160 1127 1198 1179 1⁰
1211 1114 1233 1199 Ἰ

46 1194 214 1262 Rhodanus
232 1194 328 1262 etiam
348 1193 470 1262 inducit
490 1192 656 1284 epistolam
673 1207 768 1261 ,rento
790 1193 925 1276 allatam,
946 1197 1155 1300 quaphabet:

46 1279 150 1368 uperi
179 1279 307 1366 inseris
333 1280 493 1345 salutem.
537 1279 611 1355 Qua
630 1281 800 1346 occasione
818 1292 936 1349 tractat
955 1304 1155 1370 remprocum
1215 1292 1221 1319 ’-

46 1387 93 1430 oc.
134 1365 220 1431 Nam
246 1362 467 1453 prudentiores
484 1365 613 1432 enimes
640 1366 730 1453 quasi
752 1387 814 1453 per
831 1363 1092 1459 pecenudxoorn
1111 1368 1156 1447 ed

46 1449 153 1552 iterius
169 1450 301 1517 climatis
322 1460 458 1552 corpore
476 1452 631 1547 trensire,
663 1472 724 1516 nec
744 1451 779 1516 in
796 1473 847 1516 eo.
858 1454 938 1519 orbe
957 1454 1091 1554 rapsaci,
1119 1453 1153 1537 in

46 1532 871 1714 didm?zriiilirffd‘iniididdifddi
884 1537 1196 1712 ,dttttdttff‘
1227 1590 1233 1602 ‘

46 1716 55 1772 t
82 1704 282 1773 Aristoteiem
309 1726 429 1774 sexum·
451 1727 544 1774 nnnc·
560 1717 683 1785 serrat,
718 1728 805 1774 nunc
829 1719 941 1776 munt·
991 1705 1088 1774 Unde
1120 1720 1154 1777 et

46 1792 169 1858 daeneus
196 1800 270 1878 post
296 1801 431 1858 mortem
449 1791 484 1857 iu
500 1814 609 1859 sexum
625 1791 759 1860 rediisse
781 1791 907 1860 dicitur.
948 1791 1026 1860 Fuit
1045 1804 1154 1862 autem

46 1877 170 1944 {aeneus
191 1876 299 1964 uirgo,
329 1897 462 1978 quae-a
482 1876 688 1965 Neptunoetu
728 1878 736 1895 '
759 1879 902 1965 praemio
923 1877 1038 1944 meruit
1053 1900 1152 1947 sexus

46 1962 235 2028 tutationem.
288 1960 368 2027 Fuit
397 1960 492 2029 etiam
518 1963 769 2042 invulnerebris,
786 1964 858 2053 ¹qui
889 1960 1062 2052 pugnando
1092 1984 1195 2052 prono

46 2047 165 2135 mpithis
196 2058 307 2114 contra
338 2048 519 2115 Centauros
551 2050 670 2116 crebris
699 2049 815 2115 ictibus
842 2050 973 2116 fustium
1001 2047 1164 2136 paulatim,

46 2159 49 2195 ι
70 2143 156 2199 terra
177 2134 259 2199 fixus
281 2140 341 2198 est.
380 2132 454 2198 Veri
476 2133 662 2203 simillimum
681 2134 780 2222 igitur
798 2133 874 2200 mihi
895 2133 1036 2223 videtur,
1065 2135 1150 2201 CaeP

46 2238 113 2283 eum
138 2219 288 2309 juvenem
316 2219 553 2304 magnanimum
577 2219 740 2300 extitisse,
769 2220 824 2307 qui
852 2242 950 2308 quum
981 2218 1013 2284 in
1040 2229 1154 2289 tenera
1202 2306 1204 2310 ,

46 2314 126 2370 etate
147 2304 324 2370 nihiiinter
345 2304 572 2390 compatriotas
593 2305 718 2373 viriliter
733 2307 874 2390 egisset,
904 2304 984 2373 mari
1012 2325 1152 2394 peregre

46 2387 160 2472 elatus,
187 2389 287 2457 multo
315 2384 371 2452 sibi
400 2389 508 2455 dabore
535 2412 575 2454 ac
598 2391 713 2458 rimmo
734 2413 850 2456 noman
870 2391 1040 2458 maximum
1061 2412 1193 2463 com-ao

46 2474 149 2541 uerit.
175 2476 303 2549 ¹Virtus
318 2486 424 2541 autem
445 2474 792 2564 quantalibetqnumero
813 2473 908 2543 cedit.
1000 2512 1005 2521 ·
1112 2546 1117 2553 ,
1152 2472 1156 2479 ’

100 2560 154 2627 26.
193 2558 322 2627 Plutoni
350 2558 462 2661 nigras
489 2560 633 2649 pecudes
661 2560 881 2640 immolentur,
912 2560 1152 2649 quin·victimae

46 2644 204 2713 ominibus·
218 2659 274 2714 eut
290 2665 352 2748 per
371 2645 623 2727 similitudinem,
656 2659 713 2714 ant
740 2668 799 2735 per
819 2648 1014 2735 contrarium
1035 2646 1151 2717 decer·

46 2739 146 2798 untur.
186 2732 254 2798 Per
274 2728 595 2813 s1militudioem,.³ut
614 2732 743 2820 nigrum
764 2731 824 2820 ipsi
845 2754 962 2820 pccus3
992 2744 1059 2821 per'
1071 2755 1150 2803 con·

46 2814 231 2899 alietatem,
270 2827 308 2883 ut
339 2837 457 2903 porca,
492 2817 579 2906 quae
602 2818 762 2905 -frugihus
793 2818 904 2898 obest,
945 2819 1076 2898 Cereri;
1112 2830 1191 2885 utcu

46 2901 203 3006 esculapio
224 2923 339 3052 capra,
378 2901 451 2987 quia
472 2913 522 2969 est
541 2901 622 2970 deus
645 2903 773 2984 salutis,
802 2925 906 2991 quum
933 2916 1030 2992 capre
1058 2924 1149 2969 num-

46 3005 114 3052 mm
134 3008 205 3054 erne
231 2989 263 3054 se
285 3008 322 3053 re
347 2984 404 3068 sit3
435 2987 628 3074 ut²·Priapo·
648 2987 773 3068 asinus,
803 2986 894 3076 quod
907 2988 1150 3075 :turpitudinem

46 3092 92 3136 us.
106 3093 181 3142 cum
201 3071 364 3163 Nympha.
379 3070 516 3157 quadem
545 3073 692 3140 coeuntis
718 3070 830 3139 ruditu
848 3070 1017 3141 :indicarit
1069 3073 1150 3140 Fuit

46 3165 122 3225 uem
143 3158 299 3246 Priapus,
336 3164 372 3234 ut
402 3156 503 3223 refert
530 3158 677 3238 Servios,
717 3155 760 3223 de
786 3158 986 3245 Lampsaco,
1023 3158 1149 3226 civitate

46 3240 229 3332 letamen,
291 3243 322 3307 ui
352 3241 395 3307 ob
425 3242 518 3310 viridis
545 3244 679 3310 memhri
699 3242 950 3394 magnitudinem
978 3266 1000 3310 a
1026 3244 1189 3312 cidnum

46 3339 136 3396 ectus
157 3341 216 3398 est
257 3269 379 3395 destos
399 3337 507 3395 nmen
535 3328 722 3396 innumero
770 3351 881 3395 eorum
909 3340 1059 3418 receptus
1080 3351 1148 3397 mc·

46 3409 171 3482 deesse
192 3437 309 3482 numen
330 3414 501 3480 hortorum.
532 3415 598 3484 -De
617 3416 681 3482 hoc
700 3415 870 3481 Horatius:

423 3499 523 3564 Num
534 3497 640 3586 fures
663 3499 791 3564 dextro
809 3501 942 3564 coerect
962 3530 1004 3551 ·-
1127 3505 1129 3509 ’

48 3579 317 3669 ·‘'Obcoerioque
337 3581 440 3648 ruber
458 3593 639 3670 porrectus
657 3581 701 3648 rib
726 3583 875 3671 inguine
891 3582 998 3670 polus
1018 3614 1062 3634 ·-·
1144 3625 1146 3629 -
1179 3591 1181 3594 ⁴

93 3665 170 3732 -Ast
190 3665 410 3752 importunae
430 3668 585 3735 volucres
602 3667 644 3732 in
667 3669 794 3735 vertice
814 3667 951 3732 arundo
1076 3709 1081 3716 -
1152 3697 1188 3749 4⁰

70 3750 227 3823 ..Terret
236 3746 323 3834 fixa
342 3787 386 3801 —
503 3798 506 3803 .

46 3836 251 3904 [ortis'mrem
273 3834 386 3902 merito
432 3857 561 3903 raeessc
581 3834 697 3905 dicitur
716 3848 847 3928 propter
867 3844 980 3905 eorum
1001 3837 1146 3905 fecundi-

46 3931 123 3989 tem.
164 3923 250 3987 Nam
270 3943 369 4006 quum
450 3923 715 3991 eterracsemel
729 3925 762 3990 in
782 3947 866 3990 anno
885 3923 1003 4011 aliquid
1024 3936 1151 4005 creant,

46 4008 110 4096 iqui
130 4007 213 4074 horti
235 4029 406 4094 numquam
428 4007 497 4075 sine
518 4008 624 4075 fructu
645 4019 727 4077 sunt.
779 4009 847 4076 Sed
876 4025 909 4080 et
928 4021 1144 4078 matronarum

46 4117 96 4161 eus
118 4094 237 4174 extitit,
267 4114 418 4180 quarum,
449 4092 611 4183 ut¹ejuut,
646 4095 785 4162 factione
808 4096 901 4183 inter
917 4095 997 4162 deos
1025 4095 1186 4168 relatuset

46 4191 72 4248 t
116 4177 290 4247 Mundum
311 4190 436 4263 eutem,
465 4179 555 4270 qnod
583 4200 682 4270 quum
709 4179 889 4250 numinibus
908 4180 1036 4252 ceteris
1058 4182 1144 4250 serie
