2616 4658
301 119 484 233 irpingi.
512 134 584 207 ιιι.
607 196 610 203 .
634 132 678 207 u.
730 86 930 235 ogis
990 108 1030 160 ²
1108 129 1189 215 sss
1294 98 1297 103 ’

46 317 219 406 aliquando
259 341 298 385 ex
331 318 548 405 neglegente
576 320 748 408 superioris
767 323 943 411 praevalet
971 323 1115 411 inferior„
1151 337 1186 395 et

43 405 175 472 seducit
202 405 406 490 superiorem.
448 404 512 471 Elst
528 405 627 491 etism
646 405 688 471 in·
704 406 768 473 lrac
787 400 893 494 figura
915 400 1015 475 Arltm
1043 423 1077 477 et
1105 410 1183 479 Ero.
1202 408 1228 491 '¹
1262 468 1267 475 .

12 491 85 561 ‘Si
114 492 196 557 enim
225 489 327 557 Adam
356 490 500 578 superior
526 512 563 557 se
584 489 707 559 ratione
726 493 877 573 rexisset,
909 518 972 560 non
990 494 1086 562 'illum
1112 497 1182 562 Ero
1217 504 1220 509 '

44 576 177 642 inferior
201 575 404 641 seduxisset*
430 575 517 640 Hinc
537 587 602 655 est,
634 576 721 663 quod
743 577 918 666 philosophi
940 582 1102 661 rationem,
1116 605 1182 649 me·

44 662 98 747 gis
130 673 164 729 et
193 661 389 748 opinionem,
417 683 525 746 -qnsm
555 663 718 731 veritatem
751 677 961 753 exequentem
995 663 1205 736 det'r'imentet

44 747 169 813 animae
200 747 264 811 hoc
295 745 391 811 modo
420 758 453 812 et
480 747 607 835 politico
634 748 794 834 inquirunt
824 762 857 817 et
878 773 914 814 sc
943 751 1183 840 deprehendere

44 843 168 919 putent.
213 832 248 897 Si
271 833 373 897 anime
395 844 525 897 aeterna
545 844 612 910 est,
638 832 742 921 ajunt,
771 846 804 901 et
825 836 936 900 summi
959 837 1085 923 spiritns
1107 860 1181 925 pars

44 918 175 1004 (omnes
197 919 279 982 enim
302 919 333 982 in
355 917 459 983 anima
481 916 543 983 deo
564 915 679 984 similes
705 918 782 985 lacti
802 918 948 1004 sumus),
975 944 1039 1008 qne
1059 926 1182 991 ratione

43 1005 77 1068 in
105 1025 241 1092 corpore
269 1025 331 1068 non
359 1015 462 1070 totum
489 1002 590 1081 ridet,
621 1025 682 1069 nec
716 1014 823 1070 tantae
853 1017 902 1073 est
924 1006 1181 1093 vivacitatisffltt

45 1090 153 1154 omnia
185 1089 283 1175 possit
311 1088 514 1174 agnoscere?
556 1088 658 1168 Quia,
691 1088 851 1175 inquiunt,
884 1113 982 1177 qnnm
1015 1095 1120 1180 coepit
1148 1094 1225 1162 inlu

46 1196 170 1262 corpus.
184 1172 398 1253 descendere,
418 1184 509 1260 potet
529 1173 688 1247 stultitiam
711 1187 744 1240 et
765 1175 960 1240 oblivionem.
1003 1177 1098 1242 Unde
1118 1201 1182 1245 non
1236 1234 1244 1245 ,

46 1271 152 1348 potest
171 1273 249 1348 post·
262 1272 395 1326 naturae
414 1282 493 1324 suae
508 1258 695 1325 oblivionem
711 1261 844 1326 numinis
858 1264 906 1326 sui
923 1261 984 1326 vim
1000 1261 1181 1365 a'dimplere.

46 1346 139 1419 Quae
159 1358 265 1413 autem
286 1345 336 1410 illa
358 1346 398 1412 sit
418 1344 551 1423 oblivio,
571 1345 734 1434 superius.
754 1347 972 1433 expressimus.
1014 1347 1061 1413 Ut
1084 1350 1183 1436 igitur

46 1431 77 1494 in
99 1431 232 1519 poeticis
254 1433 367 1497 iterum
387 1428 675 1519 philosophicisque
695 1453 875 1510 versemur,
903 1433 1007 1503 anime
1029 1430 1071 1498 dc
1092 1435 1181 1501 caelo
1276 1503 1280 1511 ,

46 1515 262 1607 descendens
277 1516 469 1583 obliviscitur
495 1516 669 1583 secundum
721 1522 810 1584 oetas
836 1518 1096 1604 praeteritorum,
1130 1541 1222 1589 se-to

47 1601 185 1668 cundum
214 1596 424 1691 philosophos
446 1601 634 1669 futurorum.
668 1625 671 1630 ·
709 1601 775 1668 nde
803 1603 953 1691 Virgilius
973 1603 1112 1672 medium
1133 1619 1182 1675 te-

47 1688 132 1768 nuit,
163 1686 319 1755 dicendo:
348 1686 491 1752 Oblivio
511 1698 648 1775 potant.
1024 1717 1027 1723 ·

131 1775 181 1839 lt.
226 1775 311 1838 Sane
339 1771 381 1836 de
407 1770 512 1836 reditu
541 1772 715 1836 animarum
734 1772 849 1856 ingens
870 1769 956 1859 apud
978 1773 1181 1864 philosophos

46 1858 202 1945 expositio
232 1869 297 1935 cst3
325 1854 486 1940 quomodo
516 1854 676 1934 videlicet,
706 1855 755 1920 vel
776 1877 893 1941 qnare,
922 1868 1089 1943 postquam
1111 1883 1181 1926 cor-

42 1963 126 2029 pore
146 1953 262 2024 exutae
283 1940 414 2019 suerint,
435 1952 500 2006 tam
521 1940 676 2020 sontium,
697 1937 872 2005 secundum
884 1943 1047 2010 nonnullos
1060 1967 1224 2024 eorum,so

45 2048 145 2113 quam
167 2025 379 2093 innocentium
407 2025 530 2089 animae
558 2024 601 2090 sd
629 2036 715 2095 astra
745 2025 941 2102 referantur,
977 2040 1013 2094 nt
1040 2039 1096 2095 aut
1115 2046 1180 2120 ,pro
1219 2100 1225 2112 s

44 2112 131 2177 vitae
161 2113 264 2200 pretio
298 2109 415 2199 optima
446 2108 596 2189 mercede
624 2122 774 2176 aeternae
804 2108 883 2176 lucis
912 2108 1088 2195 donentur,
1126 2126 1183 2182 aut

44 2218 106 2285 pro
127 2199 211 2263 male
232 2194 404 2263 commissis
426 2196 468 2262 sb
482 2195 565 2286 ipsis
585 2196 680 2267 stellis
724 2195 906 2281 roiiciantur
925 2195 972 2260 rel
992 2210 1181 2268 consumanss

44 2295 119 2360 tur,
142 2306 205 2351 non
226 2284 271 2352 ito
291 2292 326 2349 ut
347 2280 574 2370 pereant,·sed
596 2295 671 2352 uto
709 2292 846 2373 rgentur.
889 2280 986 2348 Unde
1006 2284 1091 2353 idem
1109 2288 1181 2356 Vir·
1252 2281 1255 2288 ’

44 2366 141 2456 gilius
164 2369 216 2435 hic
237 2390 364 2456 quoque
380 2384 448 2432 non
468 2367 662 2449 absurdum·
778 2446 779 2451 γ
1136 2394 1138 2399 ’
1185 2395 1222 2446 ²⁵

96 2506 100 2513 .
133 2454 276 2535 Scilicet
293 2453 360 2533 leuc
383 2452 502 2532 reddi,
529 2451 653 2517 deinde
666 2448 738 2515 lico
758 2447 912 2515 resoluto
931 2448 1060 2535 referri

130 2538 262 2605 Omnia
267 2559 283 2619 3
308 2560 369 2603 nec
390 2537 497 2602 morti
516 2558 591 2602 esse
608 2536 739 2610 locum,
766 2532 829 2598 secl
846 2536 928 2600 viva
947 2535 1065 2601 colere

97 2650 101 2673 2
132 2623 272 2689 Sideris.
284 2623 322 2687 in
342 2642 543 2703 numerum,
575 2631 680 2714 atque
699 2617 974 2699 alto-succedere
993 2621 1069 2713 coel
1087 2670 1101 2689 ..

43 2709 90 2776 Et
118 2707 288 2775 Lucanusz

131 2795 304 2860 Innocuos.
320 2790 396 2857 cito
413 2791 589 2876 potientes
608 2787 761 2861 astiteris
782 2785 847 2851 imi
932 2822 934 2831 ·
1184 2820 1222 2869 30

131 2877 248 2956 Fecit,
278 2887 313 2942 et
332 2883 490 2938 aeternos
510 2872 649 2937 animos
671 2871 810 2957 collegit
832 2869 871 2936 in
892 2868 998 2936 orbes.

46 2960 121 3029 Nee
148 2962 280 3040 mirum,
331 2981 406 3024 unm
431 2956 463 3023 in
492 2956 539 3022 or'
566 2957 649 3024 'nem
678 2978 768 3023 suam
796 2953 903 3023 redire
923 2958 1027 3022 omnis
1046 2958 1177 3026 manile-

46 3060 132 3117 stum
152 3046 205 3117 ait·
221 3076 224 3081 ·
242 2983 328 3115 Nihil
350 3043 453 3124 enim,
466 3065 536 3131 .qno
582 3042 687 3129 perire
707 3037 848 3110 funditus
869 3041 986 3131 possit,
1020 3066 1117 3129 quum
1137 3044 1178 3110 sit

46 3131 225 3203 secundnm
253 3130 376 3220 philoso
401 3128 459 3193 hos
485 3122 527 3196 orl
558 3129 648 3207 noir,
679 3124 712 3191 id
742 3133 792 3191 est
817 3147 933 3206 omns,
961 3128 994 3193 in
1020 3128 1106 3214 quod
1127 3150 1177 3193 re-

47 3219 150 3285 deunt
173 3218 329 3286 universa.
416 3235 451 3279 es
483 3222 610 3295 autem,
652 3232 735 3298 quoe
763 3233 850 3279 mors
879 3226 1027 3290 vocatur,
1043 3252 1054 3263 κ
1071 3226 1106 3279 nt
1134 3214 1217 3289 sitas

47 3304 197 3378 Servius,
216 3323 280 3367 uon
301 3309 350 3366 est
370 3320 472 3376 mors,
494 3296 552 3365 sed
572 3296 704 3376 solutio,
736 3297 854 3386 quippe
874 3321 958 3385 quse
979 3296 1051 3364 nihil
1072 3299 1177 3386 perire
1270 3366 1271 3369 ,

47 3389 137 3455 facit.
177 3379 281 3454 Unde·
294 3387 417 3453 mire'e
442 3383 601 3478 plerisque
623 3382 771 3451 interitus
798 3385 885 3450 dicta
911 3392 977 3460 est,
1008 3385 1097 3468 qnasi
1125 3406 1177 3450 res

46 3471 259 3542 interveniens
279 3481 312 3545 et
330 3469 496 3538 mxumo
515 3474 623 3546 rerum
645 3467 871 3533 connexionem
895 3466 1070 3546 resolvens,
1098 3491 1178 3556 qua·

47 3582 113 3650 que
132 3580 195 3624 nec
213 3556 295 3644 ipsis·
311 3555 495 3642 corporibus
513 3554 678 3644 continget
692 3551 830 3633 interire,
850 3574 948 3640 quum
963 3574 1025 3617 non
1036 3565 1177 3641 pereant,

48 3645 107 3716 sed
127 3646 161 3711 in
181 3643 335 3711 elemento
356 3640 526 3711 solvantur.
611 3691 612 3694 ,
819 3686 823 3693 -
1183 3642 1219 3704 to

48 3785 53 3795 .
134 3732 186 3796 le
227 3729 281 3796 De
316 3727 507 3814 purgatione
537 3744 612 3789 nero
641 3721 815 3807 animorum
843 3718 922 3785 mire
949 3719 1103 3804 sentiunt,
1145 3734 1180 3792 nt

48 3816 201 3904 Virgilius
229 3825 382 3893 testetur,
412 3810 536 3881 dicens:
685 3810 689 3841 ³
720 3896 723 3901 Ι
901 3832 904 3839 ·
1002 3852 1005 3857 -

23 3959 27 3964 .
133 3902 417 3969 -.--¹—--·
458 3894 565 3963 Alioe
588 3891 793 3978 penduntor
814 3908 936 3953 soenes

136 3986 329 4070 Suspensas
350 3974 665 4056 acl-centosscliis
685 3973 746 4040 crib
766 3973 913 4060 gurgite
934 3982 1031 4055 vasto

132 4065 313 4169 Inspectum
333 4065 468 4145 eluitur
487 4062 618 4141 ecelsis,
637 4071 706 4147 'cut
722 4057 889 4127 exuritur
908 4056 997 4144 igni.
1189 4077 1222 4124 ιι,

49 4154 213 4226 luteum
231 4163 266 4220 et-
283 4146 604 4248 poiiticsmjse'rrat,
624 4158 656 4212 ct
680 4168 706 4212 s·
727 4142 922 4232 philosophis
954 4163 1017 4209 nou
1048 4139 1180 4209 resedit.
