2632 4658
361 158 543 260 Mytbopr.
572 158 645 233 111.
700 154 741 231 ὃ.
791 157 882 262 ..33-
897 156 937 235 6.
1123 156 1217 237 ,175

79 353 157 431 puto
184 343 421 413 lamoissimam.
445 340 609 413 -condtris
628 340 728 430 igitur
746 338 892 420 Athenis,
908 354 1083 411 auctorem
1096 366 1214 413 earum
1253 414 1264 435 .

80 432 277 519 Cecropem,
295 432 384 496 urbis
398 430 456 496 lias
471 429 554 497 duas
574 429 828 495 considerantem
843 429 1103 509 commoditates,
1125 430 1214 533 quod
1280 506 1283 513 ,

80 514 229 582 videlicet
261 516 342 582 mari
371 514 512 581 viciniam
536 525 569 580 et
595 515 781 581 olivetorum
810 511 946 580 baberet
973 515 1213 597 abundantiam,

80 600 135 667 diu
168 601 302 669 dubium
325 600 426 667 credo
452 600 610 677 extitisse,
651 602 693 665 ab
722 608 795 683 utra
820 618 856 663 re
877 600 993 666 civitati
1015 622 1133 667 nomen
1153 602 1213 667 im·

78 697 225 773 poneret
260 686 365 752 'Unde
385 685 512 753 numina
533 685 683 772 fingimus
711 672 921 751 concertassel
964 684 1114 755 'l'andem
1136 705 1238 754 veroa

79 771 234 839 olivarum
254 772 394 839 fructum
424 771 549 837 marinis
571 771 683 838 usibus
705 768 909 856 praeferens,
938 771 980 836 ab
1008 794 1121 839 earum
1149 770 1212 841 dea

78 859 194 923 urbem
223 857 347 923 ridetur
362 856 558 947 intitulasse.
608 856 718 929 Quare
738 863 855 919 'autem
885 855 987 922 olinae
1005 855 1130 924 Palladi
1153 858 1212 924 de-

78 954 250 1044 putentur,
273 943 305 1006 in
325 941 531 1030 sequentibus
559 939 699 1006 audies·
722 936 809 1005 Ideo·
827 948 933 1007 autern
955 963 1076 1028 equum
1096 944 1213 1011 dicitur

77 1029 236 1095 rnrenisse
255 1027 442 1113 Neptunus,
463 1024 550 1137 ryuod
570 1048 660 1092 mare
679 1023 795 1091 mobile
815 1024 856 1090 sit
876 1036 910 1091 et
930 1025 1038 1107 velox,
1068 1028 1155 1095 unde
1177 1041 1212 1096 et

78 1136 224 1179 oceanus
249 1112 368 1179 dicitur
394 1115 435 1180 ab
458 1108 541 1187 nerle
565 1113 712 1190 Graeco,
766 1108 832 1175 uod
853 1111 950 1179 velox
972 1111 1253 1201 interpretatur.1o

77 1198 259 1286 Propterea
286 1199 399 1277 edam,
425 1206 463 1267 ut
489 1197 534 1264 ait
565 1198 715 1274 Servius,
783 1205 871 1265 ustor
898 1206 932 1261 et
953 1195 1086 1278 Pollux,
1121 1200 1210 1286 quod

78 1305 192 1350 eorum
207 1282 315 1355 'stellae
327 1282 542 1351 velocissimae
555 1293 638 1361 sunt,
655 1304 754 1368 equos
766 1280 797 1345 in
807 1279 907 1345 tutela
918 1280 1040 1348 babere
1051 1282 1210 1352 dicuntur.

162 1371 202 1436 5.·
218 1369 422 1458 Neptunum
450 1369 544 1434 etiam
573 1368 733 1456 Harpyias
765 1365 876 1437 dicunt
904 1387 1090 1452 generasse.
1132 1370 1210 1458 Ipse

78 1454 163 1539 enirn
191 1455 331 1522 omniurn
360 1455 429 1520 fere
473 1453 671 1541 rodigiorum
693 1451 826 1539 tingitur
869 1461 947 1519 ater.
991 1453 1065 1520 Nec
1082 1455 1209 1536 mirum,

78 1539 178 1627 quum
211 1539 390 1605 secundum
419 1478 587 1609 Tbaletem
612 1538 768 1604 Milesium
789 1559 831 1603 ex
846 1473 986 1604 lunera
1006 1540 1112 1605 omnia
1133 1558 1252 1628 pro-15

77 1635 237 1692 creentur.
277 1624 374 1692 Unda
400 1634 464 1718 cst:
499 1624 742 1712 Oceanumque
760 1631 900 1710 patrem
920 1644 1048 1692 rerum.
1091 1626 1146 1692 sie
1176 1640 1211 1693 et

101 1712 286 1797 eregrinos,
316 1722 517 1799 quorumque
542 1731 605 1774 non
630 1710 773 1776 norimus
794 1709 929 1793 patriam
950 1720 983 1775 et
1025 1711 1210 1793 arentelam,
1274 1772 1277 1779 .

78 1734 221 1882 lleptuni
248 1795 328 1861 lilios
360 1793 504 1862 dicimus.
547 1795 715 1882 Harpyiae
737 1802 845 1857 autem
874 1816 970 1861 canes
1012 1798 1077 1861 osis
1100 1797 1209 1885 appel-

78 1880 201 1961 lantur,
242 1881 317 1968 quia
343 1890 376 1946 et
407 1880 501 1969 ipsae¹
527 1880 646 1945 Furiae
677 1900 748 1943 esse
777 1875 935 1945 dicuntur.
989 1872 1086 1946 Unde
1113 1884 1209 1947 etiam

78 1965 189 2053 epulas
208 1964 357 2033 dicuntur
376 1965 542 2052 abripere,
562 1962 650 2051 quod
674 1974 724 2029 est
743 1961 927 2030 Furiarum.
956 1964 1045 2031 Hinc
1066 1977 1099 2032 et
1121 1968 1250 2037 ararim

78 2053 246 2137 finguntur
286 2050 401 2117 Furias
437 2051 527 2153 pati,
572 2050 647 2136 quia
685 2048 843 2113 abstinent
884 2048 992 2135 partis.
1051 2051 1209 2118 Fabulam

77 2135 227 2223 enimlde
248 2136 398 2223 Harpyiis
421 2159 468 2202 src
496 2135 626 2222 exponit
655 2133 854 2218 Fulgentius.
898 2134 1131 2236 Harpyiarum,
1161 2140 1208 2201 in-

100 2223 164 2301 uit,
186 2222 287 2310 prima
309 2220 412 2299 Aello,
444 2220 585 2291 secunda
609 2221 775 2307 Ocypete,
804 2218 898 2285 tertia
919 2217 1034 2289 dicitur
1054 2221 1206 2290 Celaeno.

78 2246 164 2374 lunt
193 2307 275 2373 enim
306 2318 371 2373 tres
399 2317 531 2373 tantum.
567 2304 721 2396 Ἅρπυια
750 2304 849 2390 igitur
870 2304 999 2390 rapina
1017 2306 1205 2409 interpreta-

76 2403 142 2459 tur.
183 2391 263 2459 Ideo
295 2392 431 2476 virgines
461 2393 646 2479 linguntur,
675 2389 764 2475 quod
786 2388 885 2454 omnis
909 2390 1020 2478 rapina
1039 2394 1150 2458 sterilis
1192 2404 1249 2464 tau

77 2476 170 2542 arida
189 2478 239 2545 sit.
281 2477 361 2544 Ideo
382 2477 494 2566 plumis
523 2473 755 2553 circumdatae,
784 2475 859 2563 quia
885 2485 1030 2576 raptores
1052 2478 1181 2566 quioqui

75 2562 247 2630 invaserint
276 2563 388 2631 celant.
445 2561 525 2629 Ideo
553 2559 709 2640 volatiles,
740 2559 827 2649 quod
857 2581 957 2625 omma
985 2573 1096 2649 raptor
1135 2575 1209 2651 post

75 2669 113 2713 ra
135 2648 222 2713 inam
243 2647 285 2733 ad
306 2647 494 2735 fugiendum
516 2647 556 2714 sit
578 2646 768 2714 celerrimus.
810 2644 898 2711 Aello
920 2657 1030 2713 autem
1049 2648 1207 2714 alienum

75 2671 220 2820 tollens,
248 2736 396 2822 Ocypete
424 2733 530 2799 citius
559 2730 741 2816 auferens,
773 2730 914 2797 Celaeno
943 2731 1089 2820 nigrum
1109 2733 1209 2800 inter-

75 2828 233 2905 pretatur.
282 2819 320 2884 In
349 2818 464 2906 rapinis
500 2818 582 2888 enim
611 2815 796 2885 exercendis
824 2817 962 2907 primum
991 2828 1040 2884 est
1069 2819 1249 2890 alienumao

75 2904 322 2990 concupiscere,
358 2902 536 2970 secundum
569 2903 737 2991 concupita
762 2900 931 2981 invadere,
961 2903 1091 2970 tertium
1112 2908 1207 2995 ,quod

74 2988 229 3055 invaseris
251 2991 365 3056 celare.
407 2991 482 3055 Hae
508 2990 608 3076 igitur
633 2987 676 3054 ad
696 2989 854 3054 Phineum
876 2986 1071 3075 puniendum
1091 2995 1208 3057 missae

75 3074 253 3161 finguntur.
294 3076 356 3142 Est
377 3087 484 3141 autem
504 3074 586 3141 haec
607 3072 723 3139 fabula.
763 3072 906 3139 Phineus
927 3095 985 3138 rex
1005 3086 1097 3142 natos
1118 3098 1206 3156 suos,

76 3162 119 3224 ab
144 3182 279 3226 noverca
301 3160 342 3226 de
364 3160 486 3226 incesto
501 3169 680 3236 accusatos,
703 3157 871 3225 luminibus
887 3156 1206 3250 privarit;·obquam

76 3267 145 3311 rem
168 3246 277 3332 ipsum
306 3269 437 3334 quoque
464 3245 610 3333 luppiter
636 3245 795 3322 caecavit,
832 3254 869 3311 et
901 3244 1032 3331 insuper
1060 3246 1101 3311 ad
1132 3270 1247 3323 eum35

75 3330 293 3401 cruciandum
309 3332 470 3421 Harpyias
487 3331 591 3410 misit,
625 3353 708 3416 quae
739 3331 827 3396 cibos
856 3330 923 3420 ejus
952 3331 1066 3415 partim
1088 3354 1206 3418 rapue-

73 3425 168 3493 runt,
189 3417 304 3503 partim
328 3418 520 3484 stercoribus
541 3414 759 3482 foedaverunt
800 3415 881 3483 Post
901 3426 1009 3482 tamen
1031 3436 1051 3481 a
1072 3417 1154 3483 Zete
1172 3429 1207 3485 et

74 3500 197 3579 Calai,
214 3503 343 3567 Boreae
362 3502 450 3582 filiis,
486 3502 663 3588 aufugatae
683 3511 766 3566 sunt.
969 3553 972 3561 .

162 3589 192 3652 o.
235 3586 377 3653 Phineus
395 3588 509 3674 igitur,
531 3610 551 3653 a
564 3585 762 3669 fenerando
784 3581 904 3659 dictus,
927 3581 960 3647 in
977 3582 1108 3652 modum
1131 3612 1205 3655 ara·

71 3670 168 3736 ritiae
199 3675 336 3759 ponitur.
377 3670 454 3739 Nati
481 3671 549 3761 ejus
571 3670 713 3753 divitiae,
747 3668 846 3734 multo
865 3667 973 3734 labore
997 3674 1203 3760 conquisitae,
1211 3700 1247 3748 to
1280 3681 1288 3696 ³

73 3767 109 3823 et
132 3756 251 3824 sollerti
271 3757 480 3824 sollieitudine
505 3756 590 3824 velut
611 3765 744 3844 paterna
765 3752 977 3821 nutricaticoe
996 3768 1141 3825 servatae
1170 3774 1203 3829 et
1308 3786 1311 3791 ⁴

71 3839 233 3909 adauctae
262 3842 324 3910 dici
352 3843 506 3909 ridentur.
546 3843 622 3909 Hae
651 3839 727 3907 dum
755 3839 787 3905 in
819 3840 920 3905 bonos
947 3864 1026 3911 usus
1052 3856 1127 3930 apte
1147 3869 1203 3913 ex-

71 3925 275 4015 penduntur,
309 3938 342 3996 et
368 3929 456 4016 ipsae
478 3927 602 4012 fulgore
626 3932 687 4005 suo
709 3923 831 3990 clarere
851 3938 884 3992 et
905 3947 1107 4015 possessores
1128 3955 1203 3998 suos

71 4013 178 4079 claros
200 4014 308 4079 facere
328 4032 390 4078 non
412 4014 606 4081 dubitantur.
635 4012 743 4085 Quum
765 4031 840 4077 vero
864 4035 884 4077 a
903 4033 1001 4097 prava
1021 4017 1201 4097 tenacitate,

71 4121 159 4185 quae
179 4098 315 4165 idoneae
334 4097 573 4187 dispensationis
594 4118 731 4173 noverca
747 4097 878 4177 ¹estad
898 4097 1056 4175 sinistram
1077 4114 1200 4189 partem
1208 4118 1243 4165 aa

71 4180 303 4254 mstodiendae
319 4181 325 4189 ’
342 4186 446 4274 magis
488 4207 585 4277 quam
619 4180 848 4274 expendendae
870 4197 1102 4272 reponuntur,
1142 4210 1203 4259 nec
