2632 4658
178 175 291 248 Nolae
316 134 467 268 Criticie
492 170 529 240 in
555 165 728 266 mutui,
755 104 1003 285 Mill—202.
1122 164 1198 241 65,
1258 184 1261 189 ’

40 358 205 435 Hypsipyles
231 353 360 420 intelligit.
394 329 447 404 Pro
465 348 511 403 ¹llis
529 350 589 402 Act.
616 363 696 418 quarn
714 346 844 418 subulam
864 347 973 400 mariue
996 349 1122 402 narrarit
1148 349 1177 403 in

40 448 93 480 suo
113 444 239 478 wrmlmo
1014 440 1020 455 '

83 549 159 623 200.
201 529 393 630 singem„
414 540 453 623 e,
473 541 506 606 e.
527 538 733 628 mythogr.
761 535 821 617 Π,
842 496 894 603 so.
915 540 982 622 nr,
1001 542 1060 622 n,
1083 543 1134 608 17.

117 649 248 703 MirraE
267 649 345 702 GL.
362 677 398 689 -
423 647 515 712 suurn)
540 645 635 698 om.L
661 638 699 697 M.
722 667 759 680 -
787 659 848 693 cum
877 648 942 715 quo)
964 655 992 696 et
1011 664 1070 697 cum
1089 647 1182 700 eodem!

39 726 67 777 L
83 723 132 776 M.
152 753 188 764 -
205 719 308 772 ebriata
332 719 355 771 B
376 719 401 770 E
420 718 447 768 G
467 715 491 768 L
513 716 544 768 M
568 715 602 768 N.
623 746 659 758 -
679 718 713 767 31
740 731 793 766 rem
818 711 895 780 tab.)
919 714 1060 768 concubuit
1081 716 1105 770 E
1132 719 1178 779 G;

41 791 214 861 concubuisse
232 793 256 844 L
274 792 305 842 M
322 791 357 842 N.
375 800 412 830 ἐ·-
447 786 502 855 Qui
526 805 607 857 quum
631 804 685 837 rem
711 804 776 838 reso·
801 783 841 840 Μ.
864 786 936 857 quod
959 806 1040 858 quum
1063 791 1177 856 resedi
1271 823 1274 835 ,

41 867 80 917 Ν.
96 890 133 902 -
150 861 257 914 crimine
276 860 395 932 cognito)
410 857 438 909 Ἐ
459 859 500 921 G3
529 873 580 910 om.
597 856 621 909 L
639 857 670 909 M
688 857 722 908 N.
740 871 776 894 -'
792 858 829 906 32
853 873 929 928 erog,
947 875 970 910 e,
990 875 1063 927 pers,
1091 878 1113 910 ς,
1135 862 1177 931 8²·

41 939 68 989 B
87 936 112 988 Ε
131 936 172 998 G3
186 941 344 1002 persecutus
361 940 403 985 est
420 930 444 981 L
463 929 492 980 M
509 927 544 984 Ν.
562 953 599 965 -·
616 931 651 980 33
669 945 748 980 versa
765 927 797 981 B.
815 952 856 968 ·-·
866 940 946 993 patre
957 927 996 998 gl.
1011 930 1178 997 percutiente

41 1009 86 1073 Β,
106 1022 188 1078 quam
213 1002 346 1070 (arborem
371 1017 423 1053 om.
451 998 495 1064 M)
515 1015 596 1068 quum
609 1015 641 1066 p.
662 996 837 1066 percussisset
860 997 884 1051 L
908 999 949 1052 Μ,
962 1021 998 1037 -
1015 1003 1051 1052 34
1070 1001 1178 1069 exinde)

42 1077 106 1128 inde
123 1077 157 1128 L·
176 1103 212 1116 ·-
227 1073 362 1141 Adonem)
381 1070 448 1137 Mej.
464 1068 622 1124 Adonidem.
657 1067 739 1121 Adon
754 1069 875 1134 frequens
901 1077 940 1122 est
963 1072 1070 1123 nominis
1096 1072 1178 1140 iorum

43 1165 90 1217 ap.
107 1147 234 1210 eerloree3
250 1144 302 1196 vid.
320 1144 426 1207 Munek.
445 1140 478 1201 nd
503 1140 580 1205 Fulg.
604 1157 631 1207 p.
648 1143 710 1196 124.
727 1169 763 1182 -
788 1157 864 1209 quem
882 1170 909 1193 ..
927 1179 935 1198 ,
953 1141 1060 1206 dicunt)
1083 1159 1134 1198 om,
1152 1144 1177 1197 Ε

44 1224 73 1272 G
91 1219 115 1270 L
133 1218 164 1269 M
182 1215 223 1280 Ν;
239 1232 315 1285 quem
336 1216 369 1268 V.
378 1213 425 1274 od
441 1229 469 1262 se
483 1211 580 1279 recepit
598 1219 625 1260 et
643 1210 746 1261 amavit
766 1210 797 1262 Β.
815 1214 911 1264 -35
936 1211 1000 1264 Ideo
1024 1213 1090 1281 etc.)
1125 1216 1179 1269 Hic

45 1291 116 1342 inter
132 1304 162 1340 ee
179 1287 303 1339 dissidere
321 1280 446 1353 incipiunt
462 1280 651 1351 mythogrephl.
687 1281 785 1335 Noster
808 1282 911 1349 relique»
931 1282 1083 1343 decurtarit.
1118 1287 1179 1344 vid,

47 1363 126 1428 Fulg.
145 1385 181 1400 -·
196 1361 232 1411 36
252 1356 373 1423 Graece.)
408 1354 490 1407 Immo
506 1353 615 1410 Latina*
693 1376 697 1382 ,
946 1373 948 1379 >

85 1439 92 1464 l

102 1453 120 1497 ”
211 1505 284 1571 201.
335 1471 528 1569 eervsa'u
559 1489 1013 1582 remuneremini.
1118 1508 1133 1517 s·

118 1617 178 1667 mil
203 1611 365 1676 animarum)
393 1625 444 1664 om.
466 1609 500 1665 D.
525 1639 562 1651 -
585 1610 602 1661 4
627 1606 698 1678 quis)
723 1607 764 1671 Ο,
788 1608 835 1678 qui
859 1609 882 1661 A
907 1611 938 1666 D.
965 1616 1035 1664 -5
1062 1611 1180 1664 Letheus

44 1684 146 1752 Mnjus·
162 1713 198 1727 -·
215 1684 274 1750 est)
290 1690 341 1736 om.
358 1682 445 1733 lt-
462 1684 480 1732 6
497 1678 613 1740 animae)
626 1694 677 1730 om.
696 1678 718 1730 G
735 1678 769 1732 D.
786 1706 823 1718 -·
841 1689 874 1730 ut
885 1682 999 1749 potent)
1023 1699 1074 1736 om.
1093 1685 1126 1739 D.
1143 1711 1179 1725 -

45 1767 75 1807 et
95 1765 127 1806 u't
144 1754 196 1807 inc.
214 1755 247 1808 D.
265 1783 301 1794 ·-
319 1759 336 1805 ‘l
353 1749 482 1817 remeare)
501 1749 532 1811 in,
553 1766 663 1817 corpora
686 1748 746 1800 edd.
772 1750 795 1801 C
813 1751 846 1801 1).
863 1781 899 1791 -
916 1761 944 1802 et
969 1763 1043 1822 stup.
1060 1756 1091 1807 C.
1108 1786 1144 1797 -
1161 1760 1180 1806 8

46 1826 146 1893 etiam)
165 1817 192 1875 et
210 1826 250 1884 C,-
270 1823 294 1872 si
311 1833 339 1874 et
355 1824 388 1876 D.
405 1848 442 1859 -
459 1826 477 1872 9
492 1829 646 1889 possuntne.
663 1825 735 1872 recte
762 1820 792 1872 C.
810 1829 846 1863 -'-
863 1831 928 1872 vota
951 1824 1181 1891 11.-1011101)

48 1897 150 1952 01110.
167 1920 204 1932 -·
221 1900 254 1946 11
279 1890 501 1962 interrogatione)
528 1889 684 1941 narratione
715 1891 737 1942 C
766 1891 805 1955 D,
840 1893 908 1958 quod
938 1903 1059 1963 praestat.
1085 1923 1120 1935 -
1146 1901 1181 1948 lu

51 1967 142 2018 debere
153 1965 220 2034 fieri
237 1963 419 2017 rectissimec
443 1964 476 2019 D.
500 1985 536 1996 -
561 1965 596 2013 14
619 1961 797 2013 innotescunt.
833 1962 907 2032 Quid
929 1974 971 2016 est
994 1965 1118 2032 dehere?)
1142 1968 1182 2019 lu

50 2040 91 2104 ὓς
109 2038 154 2090 sed
172 2036 259 2104 Majus
285 2036 446 2087 innotescere
471 2031 579 2097 debere3
605 2032 629 2083 D
653 2033 822 2084 innotescunt
838 2033 949 2104 'quidem
975 2034 1074 2088 debete.
1092 2065 1128 2076 -
1146 2043 1181 2090 15

45 2108 159 2179 procui)
178 2107 234 2159 sine
256 2107 330 2159 CD.
347 2137 383 2148 -
401 2110 434 2157 16
452 2121 514 2155 nam
533 2102 603 2154 unde
619 2104 662 2168 D3
686 2121 748 2154 nam
770 2103 831 2154 inde
855 2104 1055 2172 Meque-11
1076 2108 1182 2176 possint

51 2181 84 2232 (3.
102 2211 139 2230 -.
160 2183 192 2230 18
209 2187 241 2229 ut
257 2177 341 2229 velint
360 2175 392 2227 Ο.
409 2207 445 2218 -
461 2180 498 2226 20
516 2177 585 2225 Sane
604 2172 635 2224 de
653 2175 702 2226 noc·
712 2175 748 2244 fl.
764 2175 830 2241 etc.)
867 2176 940 2230 Haec
965 2181 1054 2246 legere
1077 2195 1181 2246 quoque

51 2249 197 2317 licetnpud
223 2248 358 2314 mythogr:
376 2247 487 2311 111,-6,
512 2251 539 2297 t.
557 2273 593 2285 -
610 2249 646 2317 22
670 2246 773 2317 inferos
798 2247 819 2298 G
844 2247 876 2300 D.
893 2277 930 2290 -
945 2253 980 2304 23
1003 2249 1108 2317 novem)
1130 2266 1184 2307 om.

52 2323 92 2386 (ἲς
110 2322 157 2373 sed
175 2321 198 2372 D
213 2320 321 2386 insuper
337 2319 444 2385 repetit:
473 2315 520 2387 qui
538 2315 659 2366 ambiunt
682 2316 793 2387 inferos·
835 2318 876 2370 De
902 2316 940 2372 his
964 2337 1056 2376 novem
1080 2325 1183 2378 circulis

25 2455 27 2458 ι
52 2394 129 2461 plura
146 2389 226 2457 myth.
244 2391 297 2453 111,
315 2395 346 2454 6,
362 2392 407 2445 20,
425 2415 462 2427 -
479 2392 513 2438 25
540 2386 668 2438 uirentem
691 2397 822 2438 senectam
847 2390 870 2441 c
893 2389 926 2441 D.
942 2408 947 2415 »
961 2393 1127 2445 Rectissime!
1146 2422 1183 2437 ...
1254 2381 1263 2397 ⁸

51 2468 91 2516 27
109 2459 219 2527 reveri.)
238 2468 380 2512 recurrunt
404 2458 435 2509 G.
453 2483 490 2496 --
506 2461 543 2508 28
561 2457 666 2507 animae
679 2457 709 2514 C.
728 2489 764 2502 -
780 2462 817 2510 29
834 2459 927 2512 mortis
944 2463 975 2514 C·
991 2492 1028 2505 -
1044 2463 1076 2514 Si
1093 2461 1184 2515 anima

53 2541 96 2584 est
114 2541 224 2583 aeterna
242 2530 311 2598 etc.)
328 2528 462 2596 Mythogr.
479 2526 532 2591 111,
550 2532 582 2592 6,
600 2532 642 2579 16.
660 2558 696 2569 -
712 2532 746 2581 31
757 2530 932 2609 'prudentiae
948 2534 1113 2605 tantaeque)
1130 2531 1186 2594 oni.

53 2607 88 2658 1).
105 2607 141 2642 -'
159 2607 195 2655 32
213 2605 258 2667 ut)
276 2611 303 2652 et
328 2600 426 2667 Mnjus.
446 2612 482 2640 -‘-
507 2601 591 2649 Immo
621 2599 696 2673 etc.)
714 2617 780 2670 quea
807 2620 888 2672 quum
912 2604 1026 2672 caeperit
1052 2606 1091 2669 D3
1108 2605 1184 2656 sciii-
1205 2654 1211 2664 ,

54 2684 96 2726 cet
115 2674 180 2745 quia
192 2691 273 2746 quum
289 2672 402 2739 coeperit
420 2672 456 2734 C;
474 2670 543 2736 cepit
560 2669 658 2735 Majus.
694 2672 770 2726 Quae
787 2681 922 2741 praeterea
934 2677 1039 2729 Servius
1054 2677 1086 2730 de
1099 2678 1183 2731 anima

54 2748 174 2812 disserit,
198 2745 294 2813 repetit
315 2741 444 2810 mythogr.
471 2740 528 2808 111,
544 2746 576 2807 6,
595 2747 628 2795 16
646 2744 690 2797 fin.
708 2749 735 2795 et
752 2745 831 2799 etin.

110 2895 183 2963 202.
238 2897 400 2961 Aeneae
433 2914 606 2961 errores
640 2890 866 2960 seeundum
899 2897 1128 2983 Virgilium.

115 2997 236 3066 ddum.)
272 3002 348 3052 Serv.
365 3000 400 3051 nd
416 2999 465 3052 Ae.
482 3002 515 3062 3,
530 3000 566 3062 ’1,
585 2999 628 3064 qui
646 3005 673 3049 et
691 3000 747 3065 ipse
764 3000 851 3064 iugum
870 3004 972 3056 Aeneae
989 3004 1077 3071 paucis
1094 3005 1187 3056 adnm-

55 3074 134 3127 brrt,
161 3072 272 3143 primum
290 3071 361 3122 ldam
379 3076 516 3129 memorat,
543 3068 636 3120 deinde
654 3071 811 3126 Antandrum
834 3073 976 3129 civitatem,
993 3074 1082 3139 “juxta
1109 3090 1185 3140 quam

55 3143 133 3199 tectis
149 3144 257 3209 navigiis
269 3144 351 3193 tenuit
369 3138 542 3192 Tllracisni'.¹
570 3141 611 3191 De
626 3155 731 3190 numero
749 3141 850 3193 navium
868 3144 936 3194 silet.
953 3171 990 3183 -
1004 3147 1038 3194 41
1054 3144 1185 3213 Aeneas.)

32 3217 125 3280 Lag·
143 3213 258 3279 Aenum.
294 3214 416 3278 Virgilius
440 3226 532 3262 nomen
559 3226 609 3261 non
627 3211 710 3262 affert.
753 3210 830 3280 Apud
853 3215 929 3265 Serv.
942 3215 970 3266 l.
993 3215 1010 3266 l.
1035 3222 1184 3284 corruptum

57 3292 101 3338 est
118 3282 227 3335 illenim
244 3289 274 3335 ut
292 3285 318 3335 in
336 3285 371 3348 C,
390 3290 417 3336 et
433 3284 458 3334 in
479 3282 580 3331 demum
596 3288 625 3333 ut
642 3284 667 3333 in
682 3282 723 3346 D3
741 3311 776 3324 —
794 3284 839 3336 sed
866 3285 899 3336 ud
928 3290 960 3351 3,
979 3289 1012 3337 17
1030 3304 1127 3336 ⁴eneum
1145 3295 1186 3338 est

57 3360 84 3409 ln
102 3355 125 3407 C
140 3355 182 3419 D,
200 3358 226 3406 et
242 3356 267 3406 in
286 3356 392 3406 Salustii
406 3356 463 3407 loco
493 3353 527 3404 ibi
546 3354 656 3414 >laudato
681 3370 774 3418 enum,
805 3362 834 3407 ut
857 3357 925 3423 apud
950 3357 1133 3416 Callrmndmm
1159 3352 1185 3409 et
1247 3362 1249 3365 '

56 3424 251 3494 Euphorionem
268 3426 371 3480 ibidem.
403 3418 484 3481 Αἶνος
502 3425 605 3491 antique
622 3425 748 3477 Thraciae
765 3427 885 3500 umstest
901 3428 1017 3480 Homero
1035 3435 1097 3480 notu
1114 3428 1146 3479 ll.
1159 3432 1185 3493 4,
1262 3491 1265 3497 ν

56 3502 127 3560 520,
145 3497 231 3549 Streb.
248 3503 274 3560 t,
291 3501 344 3549 319
362 3498 380 3548 b
397 3519 431 3543 =
449 3499 499 3548 491
519 3512 552 3558 a,
571 3494 661 3563 Steph.
679 3496 745 3560 Byz.
764 3513 788 3552 v,
800 3498 881 3555 Λίνος
899 3506 926 3551 et
942 3500 1095 3567 Kotrchol,
1107 3500 1185 3561 §uid

56 3587 82 3620 v.
102 3568 158 3639 sed
185 3568 249 3619 Mel.
271 3571 304 3633 2,
331 3571 349 3617 2
374 3567 430 3619 lune
447 3567 570 3634 oppidum
582 3568 625 3617 eb
652 3569 741 3618 Aenea
765 3568 876 3635 profugo
900 3571 1030 3623 conditum
1056 3571 1134 3634 dicit,
1159 3576 1188 3622 et

10 3684 12 3690 .
56 3641 166 3703 Plinius,
184 3641 227 3704 qui
241 3639 267 3690 id
284 3647 311 3690 et
323 3639 383 3690 alibi
395 3644 520 3690 memorat
530 3644 560 3688 ut
572 3641 637 3701 17‚3
654 3637 699 3704 (4)
714 3646 740 3689 et
755 3643 795 3704 18,
810 3644 844 3698 12
858 3641 913 3708 (t.)
927 3642 1049 3705 Polydori
1062 3641 1187 3693 tumulum

56 3712 95 3762 lbi
113 3717 202 3762 extare
218 3709 329 3762 affirmet
346 3714 418 3774 418
434 3711 451 3772 ς
461 3713 496 3761 43
514 3708 599 3773 sung,
612 3708 649 3760 ei.
669 3710 752 3760 Solin.
772 3714 858 3764 10.11
877 3731 903 3779 p.
913 3717 948 3765 94
966 3715 1049 3764 Goez.
1080 3713 1188 3765 Αἴνειαν
1248 3734 1250 3738 ·

26 3780 30 3781 ’
57 3792 188 3847 tamquam
203 3780 413 3846 antiquiusurbis
432 3794 524 3831 nomen
541 3780 617 3832 affert
627 3780 691 3834 Con.
705 3798 746 3848 up.
761 3780 837 3833 Phot.
856 3781 907 3835 186
926 3801 951 3850 p.
964 3787 1015 3835 453
1032 3781 1187 3836 1100011.-
1254 3815 1255 3819 =

56 3852 212 3920 auspiciis.)
254 3853 349 3904 Melius
362 3906 366 3913 ,
381 3851 455 3904 Serv.
483 3849 624 3920 prodigiis.
648 3878 684 3890 ·—
709 3856 745 3903 42
768 3853 873 3920 Anius)
905 3856 979 3921 virg.
1002 3859 1050 3923 qe.
1078 3858 1111 3919 3,
1135 3857 1186 3906 80:
1289 3857 1292 3860 ’

56 3927 119 3974 Rex
136 3922 242 3986 Anius,
269 3938 315 3972 rex
332 3919 402 3970 idem
419 3919 553 3970 hominum
575 3920 726 3992 Phoebique
747 3924 883 3978 sacerdos,
905 3926 949 3977 ubi
973 3924 1006 3980 ci.
1025 3928 1098 3978 Serv.
1116 3951 1152 3964 -
1169 3922 1208 3978 2κ

56 3993 239 4061 Strophadas)
256 3989 445 4060 Strophalidas
460 3990 517 4046 aad.
535 3992 595 4043 vat.
602 4029 613 4055 ‚¹
627 3993 696 4058 quod
715 3993 801 4059 Mujus
824 3997 935 4048 retinuit.
950 4021 986 4032 -
1003 4001 1020 4048 3
1036 3996 1188 4062 Aclrajam)
1287 4000 1289 4010 ¹

57 4068 142 4137 Immo
159 4064 281 4131 Epirum.
299 4086 335 4097 -
352 4065 370 4114 4
385 4061 452 4112 litus
470 4060 520 4127 Il.)
538 4078 575 4112 sc.
593 4063 745 4117 Calabriam.
766 4071 837 4116 -5
862 4085 929 4136 quas
954 4069 999 4121 Gr.
1018 4071 1081 4130 etc.)
1115 4067 1188 4119 Tau·
1261 4069 1263 4072 ’

57 4137 247 4189 rornenitauum
267 4136 328 4187 litus
352 4133 481 4198 intelligit.
524 4133 563 4184 De
587 4135 690 4186 Graeco
718 4135 819 4187 nomine
843 4136 904 4189 nilnl
929 4144 1038 4195 antistet.
1057 4169 1092 4180 -
1109 4140 1126 4190 6
1145 4138 1188 4187 la-

57 4209 144 4271 uon.)
180 4205 220 4258 Ad
235 4206 348 4272 Scyllam
366 4205 470 4272 respicit
489 4209 514 4256 et
532 4202 696 4283 Charybdim.
712 4233 748 4246 -
765 4213 781 4257 t
801 4209 838 4256 ttt
866 4209 966 4277 qrnnn)
990 4210 1189 4267 summumne-
1284 4236 1293 4245 -
