2632 4658
331 154 546 257 onum.
572 154 624 228 n.
662 141 879 229 ron-ma
1114 152 1186 232 nr

48 352 132 411 :sunt
161 340 324 409 Centauri.
366 340 528 431 Reversus
561 347 668 406 autem
697 335 740 404 ad
767 335 918 405 mortales
945 335 1101 425 gloriatos
1129 352 1189 419 est,

56 452 93 497 so
125 451 200 496 oum
227 429 354 494 lunone
384 448 452 493 rem
481 426 637 493 habuisse.
678 423 733 513 Cb
764 438 860 513 quam
889 444 1019 491 causam
1042 426 1189 514 Jupiter

55 538 133 581 eum
154 512 478 602 fulminepercussit,
504 508 598 578 etad
620 518 724 577 rotam
744 507 943 599 serpentibus
963 449 1188 580 circumlussm

58 596 146 690 apud
167 598 288 665 inferos
311 596 493 665 solvendam
513 594 631 683 liparit.

173 761 267 839 10⁷.
320 728 598 863 E'xplauatio
631 758 834 860 ejusdem
872 759 1072 837 fabulae.
1194 784 1213 836 o

145 892 238 959 Sicut
267 890 342 957 nihil
368 892 400 958 in
430 892 546 960 Latina
574 891 721 956 oratione
754 889 885 958 veritate
919 891 1110 977 gratiosius,
1146 890 1192 959 ita

59 976 193 1044 nihilis
219 979 347 1043 Graeca
386 977 521 1045 salsitate
548 976 697 1044 ornatius.
749 975 858 1055 Ixion,
913 977 982 1042 ussi
1012 975 1124 1057 ἄξιον,
1157 976 1191 1043 id

59 1075 112 1131 est
141 1062 371 1212 stipationem,
398 1063 461 1129 dici
491 1059 672 1144 voluerunt;
713 1060 871 1128 lunonem
891 997 987 1126 lleam
1007 1082 1226 1150 regnorum„

59 1148 156 1249 Ergo
199 1147 332 1249 ignitas,
364 1169 502 1251 regnum
532 1148 702 1229 affectans,
738 1147 855 1212 nubem
886 1156 1045 1227 meretur,
1084 1146 1190 1215 idest

60 1230 295 1300 simlitudmem
328 1254 429 1320 regnu
478 1231 680 1300 Democritus
706 1231 806 1319 igitur
834 1231 962 1309 scribit,
995 1230 1232 1299 lxioneminto

46 1318 202 1385 'Graecia
223 1318 358 1405 primum
381 1316 473 1421 regui
500 1317 635 1407 gloriam
666 1318 844 1384 affectasse.
897 1317 962 1392 Qui
982 1316 1040 1383 sibi
1063 1311 1192 1385 centum

61 1403 187 1492 equites
207 1402 325 1490 primus
356 1425 494 1469 ommum
525 1402 729 1492 conquisivit3
757 1400 844 1468 unde
870 1412 904 1469 et
932 1403 1085 1469 Centauri
1117 1402 1194 1471 dicti

60 1500 137 1556 sunt
157 1487 246 1577 quasi
266 1498 403 1552 centum
431 1489 576 1555 armati.
629 1487 777 1576 Denique
802 1486 953 1577 Centippi
983 1486 1045 1554 dici
1072 1485 1192 1555 dehue-

60 1588 147 1653 runt‚
167 1594 208 1639 eo
229 1571 317 1662 quod
340 1572 429 1661 equis
451 1574 539 1639 mixti
561 1573 743 1724 pinffiuntur.
788 1572 855 1638 Sed
871 1573 970 1652 Ixion,
993 1596 1089 1662 parvo
1111 1585 1191 1640 tem-

61 1681 143 1749 pore
160 1680 299 1747 pegnm
321 1658 473 1746 adeptus,
505 1681 579 1725 mox
611 1658 687 1724 ’ud
713 1656 851 1747 perdidit
877 1658 994 1744 pulsus.
1038 1659 1133 1726 Unde
1157 1672 1233 1747 etto

61 1744 104 1811 ad
120 1754 238 1823 rotam·
251 1742 417 1811 damnatus
440 1743 570 1824 dicitur,
590 1746 664 1833 quia
684 1759 775 1811 rotae
799 1743 923 1831 vertigo
943 1767 1071 1833 semper
1093 1745 1191 1813 insta·
1214 1812 1221 1825 ,

61 1828 132 1899 hilis
153 1828 302 1907 volvitur3
327 1839 371 1897 'ut
399 1826 473 1894 hinc
498 1840 624 1917 pateat,
654 1828 740 1916 quod
768 1850 896 1907 omnes,
932 1830 985 1916 qui
1015 1850 1074 1919 per
1102 1852 1192 1897 arma

10 1997 13 2003 Ι
60 1918 159 2003 atquo
176 1912 352 1981 violentiam
374 1933 509 2001 regnum
532 1915 702 1995 affectant,
737 1902 840 1981 iuhito
861 1915 1060 2002 ereptiones,
1085 1916 1190 1983 subito

63 1998 210 2067 elisiones
230 2000 415 2067 sustineant.
470 1997 567 2074 Quod
588 2009 694 2067 autem
719 1998 872 2067 Centauri
891 1999 959 2066 ficti
979 2011 1068 2079 sunt,
1096 2000 1191 2069 etiam

62 2085 117 2153 hic
137 2083 231 2152 datus
252 2095 302 2152 est
328 2083 416 2151 locus
450 2083 584 2150 fabulae.
635 2081 773 2158 Quidam
805 2084 887 2149 enim
915 2082 1090 2152 Thessalus
1122 2090 1235 2167 res'‚no

64 2193 163 2259 quum
180 2170 212 2236 in
245 2169 472 2248 Pelethronto,
497 2168 685 2237 Thessaliae
706 2170 843 2259 oppido,
869 2170 1015 2237 satellites
1046 2193 1122 2239 suos
1149 2173 1192 2240 ad

63 2254 263 2323 revocandos
299 2267 406 2322 oestro
440 2255 618 2341 exagitatos
648 2256 744 2322 bores
773 2253 925 2327 misisset,
963 2255 1066 2343 illique
1096 2279 1191 2325 cursu

14 2364 21 2373 ”
63 2364 119 2409 eos
142 2340 269 2427 assequi
296 2361 360 2405 non
387 2341 590 2420 sufficerent3
624 2362 723 2426 equos
751 2341 861 2428 primi,
889 2341 1014 2409 invento
1043 2340 1194 2409 domandi

55 2422 397 2507 .usu,.asoeuderunt,
416 2448 590 2514 eurumque
611 2426 659 2491 usi
679 2426 854 2503 velocitate,
876 2427 974 2494 bores
996 2427 1129 2494 stimulis
1149 2429 1193 2495 ad

52 2524 152 2581 tecta
164 2523 407 2578 revocaverunt
449 2511 494 2577 Hi
518 2533 616 2599 quum
638 2511 726 2596 equis
747 2521 930 2590 uterentur,
963 2523 1018 2579 aut
1038 2513 1231 2591 velociterto

63 2597 189 2677 eundo,
220 2608 274 2664 aut
298 2598 383 2662 circa
403 2597 521 2661 flumen
542 2597 687 2662 Peneum
709 2618 808 2683 equos
830 2595 983 2664 inclinatis
1001 2619 1114 2667 eorum
1134 2622 1189 2667 ca·
1209 2617 1228 2669 ,’

63 2684 182 2773 pitihus
201 2680 358 2772 potando,
380 2681 484 2747 locum
506 2679 663 2748 dederunt
686 2681 829 2762 fabulae,
850 2694 885 2748 ut
905 2683 1059 2750 Centauri
1078 2682 1190 2750 oredo-

63 2778 174 2837 rentur
204 2791 286 2834 esse.
340 2767 397 2833 Alii
424 2766 550 2846 dicunt,
579 2767 814 2834 Centaurorum
843 2766 981 2834 fabulam
1012 2791 1084 2836 esso
1114 2793 1192 2835 con-

62 2855 172 2922 fictam
210 2852 253 2919 ud
292 2851 526 2941 exprimendam
557 2850 713 2919 humanae
741 2853 823 2943 ritae
857 2852 1072 2938 velocitatem,
1116 2857 1191 2947 quia

10 2956 13 2964 '
63 2962 183 3030 equum
204 2949 329 3006 constat
350 2960 420 3004 esse
441 2936 677 3006 velocissimum.
738 2970 741 2975 ·
976 3002 979 3007 ξ
1196 2972 1235 3022 30

410 3099 511 3177 108.¹
556 3103 841 3179 Pirithous.

60 3280 63 3287 ·
148 3231 345 3312 Pirithous,·
362 3229 570 3335 Lapitharum
601 3231 807 3300 Thessalicae
838 3233 944 3322 gentis
978 3253 1052 3314 rex,
1093 3240 1217 3323 quum·

65 3338 199 3387 uxorem
226 3314 471 3407 Hippodamiam
499 3316 651 3396 duceret,
685 3320 801 3387 vicinos
828 3319 982 3409 populos,
1011 3321 1191 3387 Centauros
1220 3362 1225 3371 ·

65 3405 162 3473 etiam
188 3403 368 3482 Rhoetum,
399 3402 534 3471 Pholum
563 3414 596 3470 et
623 3405 657 3469 H
678 3402 801 3486 laeum,
829 3418 862 3471 et
882 3406 959 3472 alios
981 3426 1075 3492 quam
1095 3405 1191 3493 pluri-

60 3514 153 3571 mos,
175 3500 210 3557 et
230 3488 309 3555 deos
326 3492 452 3569 omnes,
482 3499 642 3577 excepto!
674 3500 757 3570 arte,
782 3487 832 3555 ad
859 3489 1033 3555 convivium
1060 3489 1235 3569 vocantes

67 3574 165 3643 Unde
193 3597 307 3641 numen
333 3575 467 3652 iratum,
497 3574 634 3639 immisso
661 3572 787 3655 lurore,
816 3576 1015 3659 convivantes
1041 3573 1083 3641 ad
1103 3598 1192 3644 arma

66 3660 273 3728 commorit'
303 3659 456 3736 Centauri
490 3681 626 3747 namque
663 3681 759 3745 quum
798 3658 867 3725 vino
901 3659 1118 3743 incaluissent,
1159 3675 1194 3731 et

66 3746 193 3835 puellae
216 3745 363 3813 nubentis
393 3744 562 3813 thalamum
592 3740 704 3811 vellent
730 3744 921 3833 irrumpere,
952 3757 985 3812 et
1010 3746 1081 3814 vino
1108 3746 1194 3839 pleni

66 3832 199 3899 aliorum
229 3832 324 3898 etiam
344 3830 551 3920 Lapitharum
572 3850 687 3895 uxores
708 3840 899 3897 conarentur
919 3852 1050 3920 rapere,
1080 3858 1099 3901 a
1126 3834 1192 3901 La-

65 3917 163 4007 pithis
193 3929 227 3985 et
256 3940 276 3983 a
304 3938 384 4003 rege
416 3937 527 3981 eorum
557 3914 703 3983 Pirithoo
734 3916 808 3984 riuti
838 3929 1034 3987 corruerunt
1075 3918 1234 3998 Bidamas

65 4024 201 4091 pugnae
229 4002 346 4069 Caenis
374 4000 531 4082 interfuit,
561 4003 615 4091 qui
644 4003 732 4089 prius
758 4003 867 4090 virgo;
881 3990 970 4093 'post
996 4026 1017 4070 a
1038 4003 1191 4094 Neptuno

63 4110 129 4193 pro
151 4088 261 4177 stupri
286 4088 427 4178 praemio
458 4110 552 4155 sexus
586 4091 792 4155 mutationem
825 4090 949 4157 meruit.
988 4088 1070 4158 Erat
1096 4091 1192 4159 etiam

57 4172 308 4247 ‚invulnerabilis
356 4172 538 4262 Pugnando
565 4184 671 4261 tamen
700 4196 771 4243 cum
799 4173 943 4265 Lapithis
971 4185 1083 4244 contra
1104 4176 1189 4245 Cen·
1222 4222 1226 4231 -
