2632 4658
259 189 285 295 j
330 178 515 282 uyuogr.
544 178 619 261 sn·
673 179 713 255 u.
744 176 910 258 Μ.
1113 130 1188 257 rer
1269 167 1275 179 ·

53 356 195 451 politice«
211 360 337 440 fiotum,
360 357 459 447 'quod
486 359 601 428 iratum
628 362 740 429 Jorem
761 362 846 429 Juno
868 365 1052 434 mortalibus
1075 364 1189 452 placat,

56 468 196 535 eumque
216 468 237 511 a
260 468 327 512 sua·
347 445 503 513 sententia
532 459 670 514 revocat.
725 447 809 515 Ne'm
837 448 925 517 lovis
958 451 1023 520 sive
1044 452 1191 538 luppiter

56 533 126 636 ipse
148 542 198 598 est
217 530 355 608 aether,
374 531 467 596 'Juno
489 553 564 599 vero
585 532 659 598 ue'r.
699 533 807 617 Quum
823 555 904 622 ergo
926 547 1024 615 terra,
1044 559 1208 601 meroen-⁴

56 621 143 696 tritus
169 615 288 705 'hieme
320 611 518 699 seminibus,
552 615 676 686 solitum
705 631 820 704 poscat
847 642 868 685 a
889 620 994 698 Jove,
1027 620 1059 685 id
1081 635 1129 687 est
1151 641 1191 687 ex

57 704 212 771 aethereo
231 701 326 786 igue,
359 701 551 782 fomentum,
570 702 748 776 nonaliter
771 716 876 770 tamen
897 704 961 771 hoo
981 707 1051 771 {ieri
1071 719 1215 793 potesne
1244 726 1247 731 ·

57 789 115 855 nisi
136 785 353 855 intercedente
373 799 406 854 et
426 783 699 890 quasi'mediante
716 789 862 869 lunone,
892 788 926 856 id
948 804 997 858 est
1021 797 1115 871 aire,
1137 793 1192 878 qui
1279 797 1282 804 '

56 871 357 1026 qaloremsaetlrerei
379 872 464 959 i'gnrs
484 873 678 961 suscipiens,
699 885 805 941 terrae
825 864 952 943 solitam
974 878 1068 957 effert
1082 878 1193 942 leonn-

83 961 202 1027 itatem.
260 966 263 970 ’
322 1024 326 1031 ,
575 996 578 1006 .

143 1042 175 1111 3.
216 1043 328 1110 Jorem
346 1042 445 1115 ,etiam
464 1039 563 1112 ratum
584 1043 719 1112 deorum
741 1044 878 1134 appellat
906 1046 1092 1123 Martianus.
1125 1032 1193 1112 Res

58 1131 144 1197 enim
172 1126 311 1209 divinas,
341 1127 377 1193 id
406 1140 457 1203 est
485 1131 667 1219 superiores
677 1133 689 1211 ¹,
727 1153 787 1218 per
816 1154 853 1198 se
882 1131 1003 1220 ipsum;
1040 1132 1193 1197 humanas
1203 1168 1236 1215 10

52 1210 154 1295 iero,
180 1214 215 1281 id
245 1229 294 1281 est
313 1212 497 1297 inferiores,
517 1237 580 1305 per
598 1216 664 1283 lata
685 1213 802 1284 dieitur
822 1215 980 1305 ordinare.
1015 1216 1126 1306 ‘Cujus
1149 1217 1195 1281 rei

59 1302 145 1368 hano
173 1298 337 1367 reddimus
369 1322 514 1383 oausam,
555 1300 641 1388 quod
675 1301 746 1369 talis
775 1314 947 1390 tantaeque
978 1314 1113 1368 naturae
1147 1308 1205 1368 est'
1269 1322 1276 1341 s

60 1387 191 1467 aether,
235 1385 266 1450 ui
285 1384 486 1452 inferioribus
509 1407 572 1453 non
593 1385 754 1473 indigeat,
782 1399 814 1454 et
836 1410 901 1475 quo
921 1385 1090 1475 indigeant
1109 1386 1195 1451 inle-

58 1475 164 1545 riora.¹
247 1469 311 1535 nde
346 1481 380 1536 et
418 1470 567 1540 inferiore
605 1475 697 1538 variis
729 1473 957 1541 elementorum
987 1471 1195 1551 adminiculis,

61 1579 146 1649 qupe
167 1577 226 1644 per
247 1556 312 1622 fata
331 1553 566 1642 intelliguntur,
589 1559 781 1640 subsistunt3
809 1561 975 1647 superiora
998 1581 1074 1625 vero
1098 1558 1239 1639 solius15

60 1653 197 1727 naturae
226 1662 305 1706 suae
343 1641 513 1710 stabilitate
535 1643 578 1711 ad
611 1666 647 1710 se
681 1644 898 1711 conservanda
930 1656 1080 1711 contenta
1112 1654 1198 1710 sunt.

62 1730 214 1814 Namque
228 1724 315 1813 quod
330 1726 443 1792 Jovem
454 1734 569 1815 politae
581 1729 753 1815 benignum
769 1741 892 1810 vocant,
913 1730 955 1797 ad
977 1728 1096 1797 stellam
1120 1729 1199 1819 ejus,
1218 1756 1221 1760 ·

62 1811 147 1902 qu'ee
169 1811 314 1879 saluteris
328 1824 361 1879 et
383 1815 644 1900 temperatissima
663 1824 729 1894 est,
759 1813 909 1881 alludunt
940 1815 998 1881 Illa
1016 1815 1098 1879 enim
1118 1815 1200 1880 inter

63 1900 216 1965 Martem
230 1897 335 1986 posita
363 1909 396 1964 et
416 1899 606 1979 Saturnum,
630 1900 671 1964 ab
695 1909 831 1988 utroque
853 1901 1038 1987 temperiem
1061 1898 1199 1964 mutuari

62 1994 212 2072 putatur3
243 2006 262 2048 a
288 1983 395 2050 Marte
424 1983 570 2052 videlicet
594 1984 751 2064 ualerem,
783 2009 803 2051 a
824 1986 966 2052 Saturno
987 2007 1061 2048 vero
1084 1984 1196 2049 humo·
1205 2026 1242 2072 20

26 2130 29 2137 .
63 2066 354 2140 rem'oontrahens.
386 2068 472 2134 Hine
485 2069 651 2158 Virgilius:
680 2069 835 2157 Adspice
857 2093 941 2148 nou,·
964 2068 1025 2133 hoe
1047 2079 1199 2132 tautum.
1251 2133 1254 2140 ,

65 2157 159 2230 Quos
178 2153 262 2221 enim
279 2151 407 2220 Jovialis
423 2153 531 2221 stellae
546 2153 724 2223 afflaverint
738 2155 828 2236 radii,
853 2153 1075 2243 proculdubio
1090 2154 1200 2219 vivent.

63 2239 156 2308 Idem
192 2239 281 2306 alibi:
320 2237 449 2304 Oculos
488 2240 706 2307 Rutulorum
736 2240 854 2329 rejicit
882 2241 1001 2310 arvus
1040 2239 1103 2305 hoo
1141 2252 1200 2316 est,

11 2359 15 2366 ·
64 2323 267 2413 respiciendo
289 2335 413 2412 partem
433 2323 515 2391 illam
537 2324 613 2393 seuit
634 2323 817 2393 feliciorem.
861 2324 918 2392 sic
947 2325 1042 2392 etiam
1075 2323 1117 2390 de
1143 2346 1200 2389 nu-

64 2411 150 2479 mine
171 2410 288 2477 infesto
330 2432 366 2476 er
395 2410 587 2478 eontrarium
606 2411 743 2498 legitur:
1206 2446 1241 2495 25
1276 2428 1282 2434 ·

60 2495 69 2504 “
151 2494 250 2561 Diva
271 2433 341 2559 uolo
351 2492 451 2583 fixou
476 2496 590 2561 oculos
609 2517 735 2562 reversa
756 2493 904 2561 tenebat.
972 2550 974 2555 .

65 2581 155 2669 Hine
177 2592 211 2648 et
229 2580 328 2648 iratos
360 2580 455 2661 deos,
488 2603 616 2648 aversos
653 2580 805 2659 dieimus3
835 2592 872 2647 ut
906 2591 939 2665 et
960 2572 1084 2645 xibidem
1110 2578 1202 2668 juxta
1231 2618 1244 2643 s

10 2670 14 2677 '
66 2666 223 2734 Serrium.
266 2664 389 2732 Neue
416 2665 509 2730 enim
536 2691 588 2750 ae,
618 2666 735 2755 inquit,
767 2676 969 2732 convertere·
978 2675 1119 2752 poteret
1152 2663 1203 2727 ai-

65 2752 276 2817 mulaerum·
317 2689 379 2818 gt
392 2749 479 2817 alibi:
507 2793 511 2801 ·
755 2812 758 2817 .

157 2834 262 2925 Talia
284 2835 456 2901 dicentem
469 2835 683 2921 jamdudum
704 2858 828 2904 aversa
850 2845 980 2900 tuetur.
1207 2878 1244 2925 ω

62 2919 240 2996 „Quomodo
261 2921 345 2986 enim
365 2922 507 2988 aversam
530 2922 587 2989 nisi
607 2924 721 2991 iratam
741 2921 923 3008 intelligas?
962 2918 1036 2984 Nee
1058 2916 1202 2985 videatur
1250 2930 1254 2935 ’

68 3028 143 3087 esse
163 3007 375 3083 eontrarium,
405 3005 492 3094 quod
520 3007 554 3073 in
581 3023 694 3096 quarto
720 3006 898 3084 Aeneidos,
929 3005 1010 3073 Jove
1033 3004 1141 3069 ourrlos
1160 3002 1204 3068 ad

69 3091 196 3158 moenia
219 3091 424 3179 Carthaginis
446 3103 632 3179 torquente,
658 3108 702 3163 ,ut
730 3092 805 3158 inde
834 3091 928 3180 p'ellat
949 3094 1107 3167 Aeneam,
1136 3111 1204 3152 om-

67 3178 120 3243 nia
141 3179 380 3247 conturbentur.
421 3179 561 3246 Aeneam
590 3179 676 3248 enim
703 3190 736 3245 et
758 3175 921 3244 Didonem
942 3200 961 3242 a
983 3177 1067 3262 turpi
1091 3173 1205 3238 liberat
1275 3237 1285 3274 ⁸

69 3263 163 3330 lema,
208 3254 304 3328 Unde
325 3261 515 3350 sequiturt'
800 3326 821 3351 ,y
868 3264 880 3332 ,’
1207 3303 1242 3351 85
1266 3283 1300 3318 ’-

152 3366 205 3398 -·
218 3359 262 3413 ἐἰ
282 3345 404 3412 oblitos
419 3347 544 3434 ‘sumne
563 3349 720 3415 rrtelioris
740 3359 910 3413 umentes.
1085 3354 1090 3358 ’

69 3434 169 3507 Quod
205 3450 311 3521 autem
354 3431 482 3499 fulmine
520 3446 553 3499 et
595 3436 734 3503 tonitrua
763 3434 883 3511 mittat,
922 3431 966 3494 ob
995 3428 1057 3494 hoe
1095 3427 1205 3492 fiotum

69 3519 215 3600 ridetur,
256 3519 330 3607 quia
363 3519 445 3584 haec
482 3518 614 3608 physica
646 3522 768 3586 ratione
799 3541 818 3584 a
849 3514 1068 3602 superioribus
1099 3513 1206 3603 venire

68 3606 272 3672 manifestum
294 3615 352 3671 est.
394 3598 490 3670 Haeo
510 3614 656 3671 autema
675 3605 802 3673 sinistra
822 3614 913 3690 parte
934 3598 1109 3676 venientia,
1130 3620 1205 3686 pro·
1249 3614 1251 3621 ·

68 3714 168 3779 spera
188 3690 353 3769 nuntiant,
384 3692 458 3777 quia
479 3712 562 3778 quae
583 3690 710 3758 sinistra
731 3689 822 3754 nobis
845 3680 990 3752 videntur
1010 3684 1249 3767 intuentibusqo
1303 3759 1304 3763 Ἰ

70 3777 212 3855 eaelum,
233 3774 295 3841 illio
315 3775 447 3842 dextera
465 3787 556 3857 sunt;
589 3798 653 3841 non
674 3775 761 3864 quod
779 3773 905 3840 sinistra
925 3772 1010 3836 bona
1026 3779 1118 3845 sunt,
1148 3768 1207 3834 sed

70 3863 160 3951 quod
188 3860 321 3929 dextera
353 3860 432 3927 caeli
462 3863 553 3927 nobis
575 3862 701 3929 sinistra
729 3872 811 3929 suut.
856 3857 1025 3925 Sinistrum
1054 3855 1135 3922 enim
1165 3853 1219 3947 de'·

67 3951 167 4016 rebus
179 3947 324 4098 ¹terrenis
348 3946 588 4027 adversitatem,
617 3947 668 4015 de
687 3945 878 4015 caelestibus
905 3962 1062 4032 prospera
1083 3938 1229 4006 denun-·

69 4035 151 4100 liare
192 4032 307 4100 eitur.
429 4098 435 4106 ,

156 4121 188 4184 4.
210 4056 327 4193 gQuod
349 4140 424 4183 vero
447 4117 584 4205 aquilem
605 4118 683 4209 ejus,
701 4117 856 4207 deputant
880 4112 1016 4192 tutelae,
1037 4134 1131 4198 quam
1155 4129 1249 4178 remus

68 4206 133 4272 lert
162 4203 269 4299 fabula
289 4204 359 4269 Jovi
372 4216 484 4272 eontra
497 4203 655 4290 Gigantes
672 4203 830 4285 dimicanti
855 4199 983 4268 fulmina
1004 4197 1211 4272 ministrasse,

806 4317 851 4383 ll
