2632 4658
131 192 134 208 ·
266 177 449 278 nyrnags.
477 112 549 250 nr.
603 173 657 246 a
698 168 896 248 ra-rs.
1072 171 1156 244 sor
1289 144 1292 159 '

10 361 232 467 et'implicitis
265 360 501 450 amplectuntur
530 377 667 441 terram;
700 357 847 447 superius
874 376 949 422 vero
975 313 1157 446 pubescunt

10 470 42 515 m
73 449 530 619 ¹¹ibimihaucri-significatio,
551 529 583 594 in
605 551 670 614 quo
689 498 762 616 post
777 527 931 593 Geminos
951 525 1012 591 erit
1031 523 1095 605 sol,
1119 526 1153 591 in

10 617 186 706 propatulo
210 629 274 700 ost3
312 619 386 704 qnia
417 617 501 682 sicut
523 613 568 680 ,id
628 635 706 679 enus
742 611 974 678 animadversis
1010 611 1152 760 vestipiis

10 715 105 771 retro
127 701 344 784 incedit,*ita
365 699 413 767 sol
440 721 589 788 quuma
646 700 709 765 hoc
737 699 859 764 venerit
889 698 1034 783 signum,
1072 706 1178 766 unas
1285 718 1288 727 ’

10 788 176 857 scandere
208 810 273 854 non
308 786 433 864 rolens,
468 783 620 850 iuferiora
646 783 780 871 repetit,
821 781 954 850 solstitio
978 782 1011 847 in
1040 793 1155 869 quarto

30 873 87 940 'us
117 871 242 962 gratim
279 870 313 938 id
335 882 385 939 est
404 869 470 936 XII
500 867 703 935 calendarum
723 869 879 935 Juliarum
907 866 960 934 die
981 866 1154 949 celebrato.

10 896 168 1046 Sequens
190 959 318 1046 signum
338 957 459 1022 Leonis
480 953 593 1022 dicunt
612 957 655 1020 ob
684 954 764 1035 illius
792 954 925 1033 mensis,
964 952 997 1018 id
1020 964 1069 1020 est
1089 960 1155 1020 Au·

10 1045 128 1130 gemti,
162 1041 425 1110 ferventissimum
459 1052 603 1128 ternpus,
641 1041 716 1144 quia
743 1038 1071 1117 ceterisanimalibus
1102 1039 1153 1104 leo

10 1128 131 1196 calore
173 1143 314 1195 raestnre
335 1124 470 1205 dicitur3
492 1125 579 1191 uude
599 1136 633 1192 et
651 1124 856 1212 importabilis
871 1122 938 1190 irae
957 1136 1015 1191 cst
1057 1125 1196 1192 Tuccio

10 1216 117 1281 etiam
162 1214 215 1280 ies
229 1212 393 1300 incipiunt,
414 1230 496 1300 qnos
517 1218 538 1278 a
559 1210 734 1277 Caniculae
752 1210 899 1276 violentia
916 1222 994 1276 tunc
1008 1212 1154 1293 maxime,

10 1311 52 1367 ut
75 1310 208 1387 putant,
243 1299 389 1385 vigente,
403 1346 406 1351 -
422 1294 616 1362 caniculares
638 1295 765 1377 dicunt,
797 1294 965 1387 inquibus
997 1316 1059 1361 nec
1081 1318 1155 1363 san-
1294 1319 1299 1324 ·

10 1385 155 1472 guinem
184 1383 299 1462 minui,
333 1404 395 1448 uec
418 1381 600 1470 potionibus
642 1394 751 1470 ropter
771 1381 908 1447 calorem
937 1380 1088 1468 temporis
1121 1393 1156 1450 et

10 1481 161 1551 motum,
203 1480 244 1537 ut
265 1468 397 1546 dicunt,
429 1467 593 1553 sanguinis
620 1405 697 1534 iicet
726 1466 782 1534 uti.
842 1465 936 1532 Unde
964 1478 1029 1533 ast:
1082 1466 1154 1532 Sub

11 1555 117 1620 Cane
139 1564 277 1617 etanta
299 1554 426 1619 Canem
444 1553 610 1631 molestae
629 1562 713 1616 snnt
729 1553 975 1640 plangationes.
1026 1551 1195 1621 Deindeln

10 1638 67 1706 sol
91 1637 218 1724 signum
240 1638 352 1718 intrat,
375 1634 462 1737 quod
483 1636 585 1723 Virgo
606 1635 739 1718 dicitur,
758 1656 841 1724 quae
862 1649 896 1704 ct
916 1637 1037 1730 spicam
1058 1660 1154 1705 manu

10 1735 135 1793 seuam
155 1715 306 1811 pingitur.
362 1722 465 1788 Sicut¹
482 1721 565 1787 enirn
593 1722 709 1787 nullum
743 1723 883 1788 lructum
915 1723 1016 1809 Virgo
1036 1723 1154 1805 reddit,

11 1809 73 1877 sic·
101 1821 189 1876 terra
215 1807 397 1894 germinare
419 1807 486 1896 jam
517 1806 642 1874 desinit.
681 1807 743 1873 Et
777 1805 863 1893 apud
896 1808 1011 1875 multos
1047 1830 1154 1910 seges,

39 1916 108 1960 nae
144 1893 231 1981 prius
264 1892 420 1980 surgebat
451 1891 484 1955 in
517 1891 634 1965 herba,
672 1893 741 1981 jarn
775 1893 959 1958 maturescit
988 1891 1020 1958 iu
1055 1916 1152 1980 spica.

10 1918 140 2056 bibra,
182 1999 267 2066 quae
302 1979 335 2044 in
374 1977 514 2044 aunum
548 1977 689 2063 elligiern
727 1977 906 2044 deformata
938 1988 1006 2053 est,
1044 1980 1195 2064 aequi-ao

11 2063 193 2130 nocs'alem
214 2063 331 2130 mensis
351 2060 429 2128 illius
451 2061 656 2149 parilitatem,
696 2061 730 2128 id
753 2073 803 2129 est
823 2064 1039 2151 Septembris,
1069 2085 1154 2151 quae

11 2149 70 2215 111
93 2147 299 2214 calendarum
321 2149 512 2215 Octobrinm
534 2146 586 2212 die
607 2147 660 2221 lit,
691 2146 849 2233 designat.
899 2147 981 2215 Post
1000 2149 1082 2214 Scor
1104 2150 1152 2217 ius

11 2235 185 2322 seqnitur,
207 2232 523 2321 quem'snbtilissimo
542 2231 667 2299 caudae
696 2233 808 2300 aculeo
859 2253 983 2319 ungere
1008 2172 1179 2301 fabular:

11 2331 90 2398 tur,
130 2318 216 2408 quod
245 2329 317 2406 post
342 2316 524 2385 autumnale
551 2319 783 2406 aequinoctium
838 2319 953 2405 rigoris
991 2320 1152 2389 molestias

10 2406 141 2472 instare
161 2405 331 2487 sentimus·
365 2402 459 2468 Unde
478 2415 559 2470 estt·
742 2444 745 2451 ·
1155 2420 1193 2472 ss
1254 2446 1257 2464 .

63 2503 67 2508 '
106 2488 293 2555 Matutine
310 2492 440 2575 parunt
460 2499 580 2552 cautos
601 2510 695 2557 nnnc
706 2484 856 2573 frigora
871 2489 1039 2559 mordent

13 2574 152 2643 Deinde
190 2572 383 2659 Sagittarius
423 2571 523 2639 solem
564 2573 694 2660 recipit,
732 2573 807 2659 quia
822 2603 825 2608 ’
842 2572 943 2641 hiems
1019 2572 1151 2643 audineo

12 2670 51 2727 et
92 2669 298 2746 tempestates
335 2668 497 2746 tamquam
532 2660 666 2747 sagittas
701 2655 769 2745 jam
809 2658 913 2727 mittit.
1007 2673 1151 2729 raeterea

14 2745 220 2832 Sagittarius
240 2744 273 2810 in
295 2743 429 2831 sormam
451 2745 627 2811 humanam.
643 2743 783 2810 anterius
805 2745 955 2832 erigitur,
990 2746 1151 2834 posterius

11 2830 59 2916 in,
73 2830 241 2918 pecualem
260 2829 472 2909 submittitur,
499 2829 702 2915 significans,
733 2828 834 2895 solem
859 2842 938 2897 tunc
958 2833 1109 2921 temporis
1129 2855 1193 2903 aso

10 2915 177 3004 supremis
198 2913 239 2981 ad
259 2915 413 2980 inferiora
432 2913 607 2982 detrusum.
659 2912 755 2987 Quod
775 2914 806 2978 in
837 2916 1035 3004 Capricorno
1065 2942 1151 3005 ruys-

11 3001 121 3069 ticnm
148 3000 335 3088 requiritur,
378 2999 477 3066 oculis
510 3001 605 3066 etiam
638 2997 899 3086 deprehendere·
911 3002 1064 3089 perfacile
1091 3015 1151 3070 est.
1262 3048 1266 3054 -

11 3086 163 3175 Capram
186 3085 321 3151 enimin
343 3083 505 3170 pascendo
528 3086 569 3150 ah
595 3084 665 3151 imis
693 3105 821 3171 semper
847 3085 911 3151 alta
937 3098 1051 3175 petere
1100 3089 1150 3155 uis

10 3170 165 3239 ncsdatl
207 3170 263 3237 Sic
284 3181 317 3238 et
338 3169 465 3270 signum
482 3169 545 3235 hoc
565 3169 665 3237 solem
686 3169 777 3236 nobis
799 3171 841 3236 ab
870 3170 978 3256 inferis
1006 3111 1149 3260 partibus

10 3255 61 3327 ad
84 3254 250 3344 superiora
269 3254 414 3335 remittat,
448 3266 610 3323 transacto
628 3255 661 3320 in
682 3253 727 3319 1v
749 3253 799 3320 rel
817 3249 867 3322 1ss
888 3255 1014 3344 gradu,
1044 3258 1077 3323 id
1099 3271 1191 3328 estas
1280 3285 1284 3290 ·

10 3341 86 3411 ΧΠ
106 3340 310 3408 calendarum
329 3340 551 3407 Jnuuariarum
579 3341 632 3407 dic
661 3339 793 3408 solstitio
823 3342 973 3423 brumali,
1006 3343 1090 3411 sicat
1115 3344 1149 3409 in

10 3429 150 3497 Cancro
171 3425 328 3515 amdvdh
359 3424 444 3491 unde
472 3438 506 3494 et
535 3426 600 3494 hoc
629 3425 758 3512 signum
786 3437 820 3493 et
844 3426 920 3493 illud
941 3441 991 3495 tro
1014 3429 1083 3509 ica,
1114 3429 1149 3495 id
1246 3498 1249 3503 ,

10 3523 70 3583 est
86 3510 288 3578 conversiva
308 3534 329 3577 a
349 3510 478 3577 Graeco
498 3505 633 3595 τρόπος,
653 3508 687 3577 id
709 3522 759 3578 est
778 3512 969 3592 conversio,
988 3447 1150 3597 dicuntur,
1179 3496 1185 3522 ⁶

10 3597 107 3689 qncd
127 3596 160 3663 in
180 3598 309 3665 Cancro
332 3600 360 3661 a'
372 3595 588 3684 superioribus
610 3594 651 3662 a'd
683 3595 851 3676 interiora,
883 3597 916 3661 in
948 3600 1147 3687 Capricorno

10 3685 58 3759 sb
79 3680 282 3751 inferioribus
302 3680 345 3748 ad
376 3682 542 3771 superiora
570 3692 785 3749 convertatur.
836 3680 919 3748 Inda
948 3685 1043 3753 etiarn
1065 3687 1189 3754 haecso

10 3770 85 3837 dcc
110 3768 205 3852 signa
225 3764 403 3869 philosophi
424 3778 534 3869 portas
555 3767 629 3837 solis
642 3767 887 3855 appellaverunt,
909 3771 983 3857 quia
1003 3771 1035 3838 in
1057 3785 1147 3840 utro·

10 3877 81 3947 que
99 3854 249 3921 obviante
269 3851 402 3935 solstitio
424 3853 506 3920 ultra
528 3851 596 3941 ejus
617 3853 824 3941 prohibeatur
851 3875 1012 3925 accessus.
1064 3858 1147 3925 Pos-

10 3954 120 4011 trema
158 3936 281 4005 zodiaci
319 3938 345 4004 si
372 3959 429 4018 na,
448 3981 451 3986 »
469 3938 627 4027 Aquarius
660 3949 693 4007 et
722 3938 853 4021 Pisces,
889 3943 932 4007 ob
966 3944 1146 4013 imbriferos

10 4030 142 4097 nenses
163 4036 237 4090 sunt
256 3959 421 4111 appeliata.

39 4172 42 4177 .
89 4111 153 4176 .14.
195 4108 321 4181 Phoebi
337 4106 474 4175 ¹tutelae
508 4128 639 4178 corvum
671 4107 825 4198 deputant
858 4109 907 4176 vel
938 4110 1025 4201 qnod
1057 4114 1185 4183 solusto

10 4193 421 4282 sccundumFulgentiuun
451 4207 564 4267 contra
584 4215 691 4264 remur
718 4205 866 4266 naturam
893 4195 1058 4268 inmedils
1079 4201 1144 4268 ler-
