2632 4658
10 40 30 251 l
233 194 240 215 x·
265 128 464 275 ‘nryrrogt
493 154 584 248 nn*
619 170 682 247 n.
737 116 937 248 ra-ss-ro.
1108 168 1191 248 nse

10 360 34 417 ἒ.
55 359 139 426 tibus
162 361 230 447 apri
262 359 486 441 interiectum
529 369 669 448 tuncque
689 357 840 425 'lacrimas
869 356 1015 424 imbrium
1036 365 1069 426 et
1081 357 1191 424 ‘fluen-

10 446 37 519 ²,
57 459 162 512 torum
184 459 269 511 terra
299 445 455 533 producit
507 445 559 510 De
586 446 709 510 Adone'
726 456 833 510 tamen
862 454 968 510 amato
1000 443 1190 530 Fulgentius

10 527 41 600 ⁵ss
56 529 140 594 aliud
163 531 268 597 sentit.
323 529 419 606 Quod
442 542 476 597 ut
496 530 553 596 fiat
573 529 766 609 evidentius,
802 530 843 595 ab
867 527 968 595 altiori
995 528 1191 596 inchoemus.

56 615 188 704 Myrrha
210 618 318 703 itaque
347 629 469 703 patrem
492 638 620 681 ornasse
647 615 761 681 dicitur
779 607 815 680 et
835 636 907 679 cum
931 611 1188 698 eodem‘ebriato
1230 626 1237 639 ‘

56 702 276 768 concubuisse.
318 701 379 775 Qui
424 723 506 766 uum
519 721 587 768 rem
609 702 774 777 rescisset,
795 698 965 786 evaginato
986 722 1056 765 eam
1078 715 1213 787 perse-5

10 774 28 824 l
57 795 150 854 cutu's
172 798 221 853 est
240 783 357 873 gladio.
400 725 467 852 lla
503 783 536 850 in
570 786 717 851 arborem
755 785 914 876 myrrham
945 790 1098 852 conversa
1128 774 1189 852 est.
1266 798 1277 815 '

10 868 21 909 Ε
56 871 161 946 Quam
205 893 280 959 uum
300 884 392 958 pater
411 868 520 958 gladio
549 871 772 958 percussisset,
806 870 924 936 Adonis
953 869 1067 937 exinde
1096 879 1189 938 natus

10 980 37 1011 ·-
58 968 115 1023 est
205 956 300 1046 yrrba
320 957 419 1044 igitur
441 976 544 1042 genus
560 966 616 1022 est
635 954 757 1022 arboris
777 954 809 1020 iu
830 956 941 1034 India,
978 957 1061 1043 quae
1083 954 1191 1023 calore

10 1068 13 1077 ·
58 1042 131 1108 solis
167 1053 343 1123 crematur,
378 1063 491 1129 quem,
529 1051 567 1106 ut
592 1063 628 1108 su
654 1063 691 1108 ra
717 1039 868 1122 diximus,
901 1051 1024 1128 patrem
1051 1041 1191 1108 omnium
1293 1091 1295 1096 ,

10 1128 35 1184 l
57 1149 130 1193 esee
151 1125 317 1208 dicebant,
352 1124 439 1212 quod
459 1126 527 1215 ejus
542 1064 700 1214 ‘opitulata
722 1136 838 1192 cuncta
864 1127 1044 1213 germinum
1064 1124 1232 1195 adoles-lc

10 1218 19 1249 '-
59 1224 111 1278 cat
127 1252 133 1263 ,
148 1212 300 1291 varietas3
337 1212 423 1286 unde
461 1221 584 1298 patrem
620 1234 746 1278 amasse
784 1208 909 1278 dicitur.
969 1214 1063 1287 Quae
1092 1231 1205 1315 quum,

10 1294 31 1333 θ’
57 1295 239 1384 grandioris
257 1296 373 1364 *fuerit
410 1297 551 1375 roboris,
588 1297 662 1362 solis
704 1294 871 1362 ardoribus
907 1318 1040 1387 crepans
1077 1294 1190 1365 rimam

10 1378 15 1411 ⁹
57 1382 180 1461 efficit,
210 1403 267 1470 per
285 1405 381 1468 quam
403 1403 514 1449 sucum
531 1382 685 1462 desudat,
708 1382 760 1468 qui
778 1381 889 1448 itidem
910 1383 1038 1471 myrrha
1059 1382 1191 1463 dicitur3
1294 1391 1309 1436 i

10 1468 18 1501 ²
58 1470 101 1533 ob
123 1488 219 1554 quarn
241 1489 309 1532 rem
321 1466 470 1535 Adonem
490 1468 593 1534 fertur
621 1466 789 1554 genuisse,
826 1467 880 1555 qui
908 1468 1066 1532 suavitas
1092 1469 1189 1535 inter-

10 1551 23 1677 l
58 1551 1231 1787 ppputsomehponpasepinpicpppptesquppoffipugretpupspigslndppiappffilo

13 1688 16 1695 .
547 1687 558 1719 ‚
1072 1698 1074 1703 ,

10 1724 21 1760 ²
59 1723 101 1790 sit
120 1720 286 1788 fervidum.
306 1772 309 1776 .
329 1722 425 1788 Unde
445 1734 479 1790 et
498 1723 670 1790 Petronius
697 1721 824 1789 Arbiter
850 1721 894 1788 ad
932 1723 1055 1791 rbrdrms
1078 1724 1190 1791 conci-
1286 1745 1292 1751 ·

10 1807 22 1847 ¹·
59 1818 234 1876 tomentum
256 1831 294 1879 se
312 1808 506 1897 myrrhinum
531 1809 679 1896 poculum
701 1807 817 1873 bibisse
834 1807 942 1874 refert

147 1893 198 1959 18.
217 1935 219 1939 ι
241 1894 312 1958 Gur
339 1896 437 1959 Amor
469 1894 602 1960 Veo'eris
632 1893 758 1958 dicatur
783 1892 886 1973 filius,
925 1890 1026 1958 nullus
1050 1882 1191 1980 ignorat,

10 1978 30 2053 ἓ
61 2000 159 2065 quum
181 1999 220 2042 ex
242 1978 406 2066 uoluptatis
428 1976 587 2044 desiderio
608 1999 747 2044 amorem
771 1979 857 2043 nasci
879 1989 999 2043 certum
1022 1976 1071 2045 sit.
1112 1977 1233 2045 Pin-no

11 2060 29 2105 ἶ
60 2065 149 2149 gitur
170 2076 274 2129 autem
296 2070 394 2129 Amor
414 2085 510 2148 puer,
531 2062 619 2151 'spuis
648 2062 849 2150 turpitudinis
881 2073 930 2129 est
951 2060 1046 2138 stulta
1067 2061 1189 2150 cupidi·
1245 2100 1251 2107 -

10 2150 34 2197 Ε·
60 2160 130 2226 tas,
160 2162 193 2216 et
221 2149 293 2234 quia
313 2149 518 2235 imperfectus
547 2159 596 2214 est
622 2148 654 2213 iu
685 2148 879 2228 amantibus,
913 2147 997 2216 sicut
1017 2148 1049 2213 in
1071 2148 1189 2237 pueris,

10 2232 18 2277 t
59 2256 175 2300 sermo.
220 2234 314 2298 Unde
335 2234 482 2333 Virgilius
504 2233 546 2299 de
572 2234 701 2300 Didone
722 2245 865 2301 emente:

10 2322 28 2362 ¹
97 2346 101 2365 -’
144 2319 277 2404 Incipit
300 2315 421 2406 effare,
457 2308 637 2406 mediaque
658 2320 696 2382 in
717 2340 795 2383 voce
816 2315 962 2384 resistit.
1048 2376 1053 2390 ,

10 2407 33 2449 ²·
57 2402 193 2475 Alutus,
212 2399 293 2490 'quia
322 2404 506 2472 amantibus
537 2425 601 2468 non
634 2404 732 2470 levius
763 2400 881 2489 aliquid
908 2425 969 2468 nec
998 2403 1230 2472 mutabiliustt

10 2495 27 2565 l,
60 2487 207 2574 Sagittas
229 2488 308 2567 sert,
338 2495 425 2577 ⁴quae
454 2501 487 2556 et
502 2488 607 2575 ipsae
626 2488 769 2556 incertae
789 2498 863 2554 sunt
883 2498 923 2554 et
938 2484 1078 2571 veloces;
1113 2490 1188 2570 sire,

10 2572 95 2638 'sot
116 2571 181 2638 vult
202 2572 388 2660 Remigius,
419 2575 493 2663 quia
515 2572 709 2641 conscientia
730 2573 865 2639 criminis
885 2575 1058 2661 perpetrati
1076 2575 1214 2642 ‘stimu-

10 2660 30 2704 Ι
58 2654 102 2723 let
122 2657 268 2724 mentenl.
323 2661 428 2726 Adraa
461 2669 567 2726 autem
589 2660 709 2747 sagitta
730 2680 870 2745 amorem
899 2659 1007 2738 mittit,
1041 2658 1190 2747 plumbea

10 2746 29 2827 Ι
59 2740 157 2822 tollit,
179 2743 253 2831 quia
274 2747 391 2813 amanti
412 2768 503 2813 amor
522 2745 671 2834 pulcher,
692 2752 870 2824 uteorum,
893 2766 957 2810 nou
978 2747 1096 2813 amanti
1112 2766 1189 2811 rero
1234 2791 1235 2794 ,

10 2830 30 2874 ⁶
58 2848 112 2893 res
134 2829 256 2914 gravis,
288 2841 324 2896 ut
339 2831 519 2919 plumbum,
549 2829 683 2897 ridetur.
724 2829 804 2896 Ideo
826 2827 947 2909 nudos,
971 2832 1057 2918 ‘quia
1089 2831 1232 2919 turpi-eo

58 2911 141 2981 tudo
164 2935 183 2978 a
204 2912 296 2980 nudis
316 2917 499 3003 peragitur;
536 2914 583 2981 rel
610 2916 686 3003 quia
713 2915 745 2980 in
763 2936 803 2980 ea
824 2913 1020 3001 turpitudine
1047 2916 1119 2981 nihil
1141 2929 1189 2987 est
1290 2950 1292 2955 ·

26 3007 230 3068 =secretum.
283 3001 378 3066 Duae
414 3015 520 3069 autem
549 3000 723 3082 secundum
755 2998 891 3065 eundem
911 3000 1095 3087 Remigium
1115 3011 1190 3069 sunt
1267 3043 1270 3046 >

40 3085 222 3164 ·Veneres;
251 3106 314 3152 una
337 3097 425 3151 casta
447 3098 480 3153 et
498 3084 631 3172 pudica,
652 3108 748 3173 quam
770 3084 909 3150 honestis
927 3106 1079 3173 praeesse
1100 3109 1189 3152 amo·

56 3169 165 3248 ribus,
198 3191 358 3259 quamque
386 3170 515 3237 Vulcani
538 3170 613 3236 dicit
632 3191 780 3249 uxorem3
815 3169 930 3236 dicitur
951 3170 1051 3236 altera
1075 3170 1188 3258 volup·

23 3296 27 3301 -
57 3254 159 3333 teria,
192 3253 354 3321 libidinum
392 3253 470 3339 dea',
511 3255 601 3345 cujus
639 3257 758 3321 Herma
784 3255 944 3322 hroditum
981 3252 1057 3322 dicit
1089 3257 1231 3322 liliumet

57 3339 174 3404 fuisse:
210 3339 389 3428 Itidemque
408 3345 540 3409 Amores
563 3340 644 3422 duo;
666 3341 744 3407 alter
808 3363 867 3406 nus
887 3344 920 3407 e't
942 3339 1094 3427 pudicus,
1123 3363 1188 3428 quo

10 3422 13 3467 ⁵
56 3445 93 3490 sa
117 3423 212 3495 ientia
231 3437 265 3491 et
284 3427 413 3493 virtutes
434 3439 595 3506 amantur;
625 3424 703 3508 alter
723 3425 902 3512 impudicus
921 3437 955 3491 et
974 3422 1092 3506 malus,
1123 3444 1208 3513 quo.

56 3531 76 3575 a
134 3509 209 3576 vitio
239 3510 432 3577 inclinamur.
491 3513 600 3586 Quare
630 3510 724 3577 etiarn
764 3509 806 3575 ad
846 3509 1079 3578 distinctionem
1114 3511 1189 3578 bodi

10 3594 15 3631 ²
56 3592 175 3661 amoris
198 3593 357 3683 pluraliter
376 3599 508 3663 Amores
528 3596 649 3686 plerum
672 3618 714 3662 ue
741 3593 943 3699 appellamus.

10 3668 31 3743 ⁸.
145 3679 197 3745 19.
240 3680 290 3747 Ad
312 3681 404 3748 hu‘us
425 3683 562 3768 figuram
585 3618 690 3747 fabula
709 3679 838 3767 resprcit
853 3679 895 3744 de
916 3681 1007 3745 Hero
1028 3689 1061 3747 et
1079 3679 1230 3749 Lean-to

10 3772 21 3801 ¹
57 3762 118 3831 dro
142 3764 287 3832 conficta
372 3768 533 3833 ero‘enim
561 3787 676 3845 amor,
707 3763 858 3831 Leander
884 3763 1040 3829 virorum
1064 3764 1189 3830 solutio

10 3850 21 3890 l
56 3850 294 3938 iuterpretatur.
341 3851 465 3918 Amavit
483 3851 583 3940 igitur
597 3848 721 3939 juvenis
742 3848 892 3917 Leander
920 3849 1032 3915 Heron
1049 3849 1188 3952 puellam

10 3934 24 3999 i
55 3935 307 4007 transmarinam.
350 3936 399 4002 Ad
420 3959 515 4025 quam
535 3958 631 4025 quum
655 3934 697 4001 de
712 3947 807 4002 nocte
827 3944 960 4015 nataret,
981 3935 1081 4002 illam
1102 3946 1189 4002 terra
1216 3974 1221 3991 ·

10 4022 23 4063 ¹
58 4013 171 4087 dontrb
193 4031 298 4100 stans,
320 4043 360 4086 ne
381 4045 400 4087 a
421 4046 481 4089 suo
502 4022 594 4091 litore
615 4021 798 4102 aberraret,
823 4019 1002 4108 lampadem
1019 4019 1048 4087 ei
1072 4042 1188 4087 accen-
1277 4090 1283 4095 ,

10 4106 22 4147 l
58 4104 167 4171 debat.
222 4103 368 4178 Quadam
391 4118 485 4175 nocte
505 4118 576 4176 orta
595 4116 786 4193 tempestate
817 4107 1019 4210 extinctaque
1048 4106 1229 4185 lueema,4s

10 4194 21 4233 ⁵
54 4190 179 4280 juvenis
199 4193 380 4260 submersus
402 4202 460 4261 ert.
503 4193 605 4285 Cujus
626 4213 743 4282 corpus
764 4190 818 4261 ubi
839 4191 930 4281 virgo
950 4190 1026 4273 rudit
1040 4192 1185 4283 ejectum,
1218 4214 1221 4218 ⁵
