2632 4658
62 140 144 217 ros
378 102 561 243 mam.
589 138 642 212 11.
695 135 765 213 os.
789 134 889 227 tto.¹
1001 74 1009 81 ”

427 321 497 399 84.
551 324 826 401 Tiresias.

147 450 306 531 Tiresias,
326 450 443 520 Euerls
462 451 562 532 filim,
583 472 706 541 genere
725 452 920 533 Thebanus,
939 449 971 518 ln
992 460 1103 523 monts'
1120 452 1195 547 cys

61 539 135 627 lens
161 537 320 605 dracones
361 538 532 606 concubitu
557 537 726 606 haerentes
747 538 837 627 virga
858 559 955 626 quum
975 540 1197 627 percussisset,

60 624 94 690 in
114 623 277 690 mulierem
298 644 406 690 sersus
427 633 486 691 est.
528 622 574 690 Et
594 633 672 712 post
693 624 846 712 temporis
865 624 980 691 seriem
998 626 1116 693 iterum
1139 648 1196 695 cos

23 709 311 778 &concumbentes
342 706 469 789 ridens,
496 709 657 797 percussis
682 730 791 776 rursus
811 710 903 797 virga
922 708 956 773 in
977 708 1092 777 eodem
1112 708 1196 797 loco,

63 797 96 864 iu
124 796 263 882 liguram
294 792 389 862 rediit
415 794 586 896 pristinam.
635 793 710 869 Quo
739 807 885 883 tempore
914 794 998 862 inter
1024 796 1139 865 dorem
1162 808 1197 867 et

38 882 222 982 'lunonem
242 880 357 983 iocosa
385 878 444 982 furt
470 878 678 983 (desuetudo,
702 890 812 961 utrum
837 902 905 982 mas
929 900 971 945 an
992 879 1112 985 femina
1130 906 1197 1033 pa-

56 964 1197 1145 tta..tlt'ttthtttlittttlt‘ttt’sttttltttlht

26 1140 62 1189 1⁰
69 1137 153 1204 lieris
174 1135 216 1202 ad
235 1135 504 1225 comparationem
525 1136 582 1202 riri
598 1134 751 1224 triplicem
770 1136 839 1203 loro
854 1151 1097 1206 asseveraverat.
1141 1139 1198 1217 01)Ι

63 1222 127 1288 hoc
155 1223 241 1287 Juno
269 1222 351 1288 irata
377 1242 489 1289 manus
518 1220 586 1311 ejus
616 1221 786 1309 praecidit,
825 1233 859 1290 ct
897 1243 971 1289 eum
1001 1224 1197 1291 excaecarit.

63 1306 210 1396 Juppiter
236 1320 343 1374 autem
371 1308 414 1372 oh
440 1306 476 1373 id
497 1307 527 1373 ei
549 1307 727 1386 concessit,
764 1305 888 1374 mvn
913 1319 1037 1377 aetates
1067 1310 1199 1391 vireret,

64 1406 217 1482 ratesque
251 1392 470 1459 veracissimus
496 1391 677 1459 haberetur.
720 1391 896 1473 'liresiam,
929 1415 1023 1482 quem
1050 1392 1199 1476 diximus,

63 1477 194 1565 intelligi
215 1477 323 1547 volunt
341 1489 478 1565 tempus,
498 1477 586 1566 quod
606 1479 639 1545 in
659 1498 733 1543 rere
754 1476 870 1545 dicitur
891 1478 1096 1557 modulum,-
1123 1480 1199 1569 quio

24 1562 145 1630 1⁵tuno
165 1562 306 1630 soliditas
327 1575 360 1629 et
381 1563 529 1629 clausura
549 1574 599 1631 est
615 1563 804 1650 germinum.
845 1563 940 1648 Ergo
968 1562 1045 1633 dum
1066 1587 1199 1633 sernum

63 1661 190 1734 tempus
205 1647 352 1716 coeuntia
366 1647 426 1715 sibi
439 1648 558 1716 effectu
573 1648 718 1715 animalia
730 1648 851 1728 viderit,
865 1669 969 1736 eaque
978 1649 1096 1739 virga,
1107 1650 1200 1719 idest

63 1731 216 1816 fervoris
236 1744 354 1813 aesta,
383 1734 592 1823 percusserit3
619 1733 652 1799 in
673 1733 843 1801 femineum
863 1755 974 1800 sexum
994 1736 1200 1816 consortitur,

65 1818 142 1884 dum
176 1819 210 1885 in
249 1819 377 1886 aestatis
408 1818 566 1887 fervorem
597 1829 746 1887 mutatur.
798 1823 959 1886 Aestatem
992 1841 1130 1909 namque
1166 1822 1200 1887 in

66 1902 195 1969 modum
226 1903 361 1971 feminae
388 1918 527 1992 ponunt,
555 1905 631 1993 quia
659 1904 765 1971 omnia
789 1903 951 1993 patefacta
969 1907 1035 1973 suis
1057 1906 1200 1974 folliculis

23 2001 245 2079 aoemergunt.
277 1989 378 2079 Cujus
399 1990 547 2079 genitura
568 1988 646 2055 dum
667 1990 814 2056 veniente
832 1990 1200 2079 autumnoprohibetur,

65 2075 179 2142 iterum
208 2075 242 2141 in
269 2076 407 2162 priorem
437 2074 636 2164 concipiendi
668 2087 701 2144 et
728 2077 805 2142 strin
833 2072 906 2141 endi
927 2074 1099 2163 imagine·
1121 2100 1200 2145 cun-

65 2163 208 2228 rertitur.
250 2160 399 2248 Denique
419 2183 517 2248 quum
538 2161 664 2228 duobus
685 2159 762 2238 diis,
790 2096 831 2226 il
844 2171 895 2228 est
913 2157 1040 2229 duobus
1061 2161 1201 2231 clemen·

65 2246 124 2321 tis,
157 2245 279 2333 igniet
300 2247 383 2328 adri,
410 2244 572 2335 judicandi
596 2269 695 2314 causa
717 2244 904 2325 adhibetur,
927 2246 1046 2336 justam
1065 2246 1109 2315 de
1130 2248 1200 2351 ejus

60 2329 182 2421 judicio
205 2332 361 2397 rationem
377 2333 561 2419 profitetur.
593 2330 643 2399 Ad
659 2328 921 2422 fructificandum
939 2332 1024 2399 enim
1043 2354 1202 2420 germana,

4 2415 161 2505 12⁵tripla
185 2418 251 2482 a‘e'ri
280 2438 358 2505 prae
386 2418 465 2503 igne
485 2440 544 2506 sup
569 2416 625 2484 etit
645 2416 786 2485 materia.
831 2418 894 2483 hdr
914 2416 999 2484 enim
1019 2430 1053 2485 et
1073 2420 1202 2487 maritat

65 2503 96 2567 in
118 2501 239 2588 glebis,
261 2516 294 2569 et
314 2499 467 2590 perdurat
488 2503 521 2569 in
544 2440 644 2582 lltliis,
670 2513 704 2569 et
724 2500 923 2589 gravidatio
946 2500 1098 2571 folliculis.
1142 2502 1202 2571 sot

65 2599 172 2653 autem
194 2598 354 2654 maturare
373 2597 495 2659 tantum
523 2587 609 2655 norit
628 2587 659 2653 in
681 2587 801 2690 granis.
842 2587 1016 2655 atomus
1036 2600 1202 2670 caecatur,

65 2672 150 2765 quia·
172 2671 284 2740 hiemis
314 2686 439 2761 tempus
469 2672 612 2739 nubilosa
630 2678 713 2740 adua
738 2671 875 2775 caligine
898 2673 1079 2742 obducitur.
1121 2676 1203 2763 Jup-

65 2756 148 2850 piter
176 2779 251 2822 vero
279 2758 309 2823 ei
337 2759 507 2860 vaporibus
535 2753 668 2825 occultis
694 2756 954 2846 praescientiam,
982 2757 1016 2827 id
1045 2770 1097 2830 est
1124 2782 1203 2831 oon·

23 2841 269 2931 30ceptionem,
291 2843 388 2912 futura
409 2843 626 2911 subministrat
645 2841 807 2931 germinis.
1130 2844 1155 2872 “·

429 3011 498 3087 85.
552 3013 840 3088 Branchus.

151 3139 330 3219 Branchus,
351 3140 484 3231 Apollini
501 3139 645 3221 dilectus,
668 3139 846 3207 futurorum
864 3139 923 3205 fuit
939 3136 1070 3226 peritus.
1100 3138 1203 3229 Cujus

65 3226 135 3295 talis
164 3238 214 3294 est
241 3225 358 3292 fabula.
401 3226 481 3293 Cius
508 3227 637 3312 quidam
657 3225 689 3290 in
711 3225 969 3311 peregrinatione
990 3245 1088 3311 quum
1107 3247 1203 3311 pran-

66 3312 163 3380 deret·
187 3313 219 3377 in
240 3311 350 3390 litore,
384 3312 589 3400 proficiscens
618 3310 734 3377 oblitus
754 3321 804 3377 est
825 3310 940 3389 lilium,
969 3308 1204 3399 Syoiohrouem

21 3399 203 3477 annomine.
236 3397 294 3464 Ille
314 3397 346 3463 in
366 3396 481 3465 saltum
504 3394 669 3487 cujusdam
691 3395 841 3462 Patronis
863 3395 1016 3483 pervenit,
1036 3407 1204 3483 receptus·

37 3482 42 3511 '
67 3508 130 3572 que
151 3506 224 3551 cum
244 3483 316 3549 tiliis
337 3483 405 3574 ejus
428 3507 466 3550 oa
490 3504 542 3550 ras
564 3503 700 3571 pascere
721 3481 836 3568 coepit.
864 3478 1040 3569 Aliquando
1062 3502 1205 3570 cygnum

65 3567 358 3658 prehendiderant,
387 3579 420 3636 et
444 3506 531 3635 illlam
551 3582 640 3637 veste
661 3578 906 3656 cooperuerunt
947 3565 996 3630 Illi
1015 3566 1220 3668 pugnaudo,¹

67 3666 138 3722 uter
166 3654 252 3743 patri
279 3652 356 3720 illud
384 3678 500 3721 munus
526 3655 676 3735 offerret,
705 3675 804 3742 quum
825 3662 933 3720 essent
953 3649 1080 3738 fatigata
1100 3662 1206 3719 certa·

66 3741 169 3816 minc,
192 3738 352 3806 mulierem
374 3739 580 3822 invenerunt,
601 3740 721 3830 rejecta
742 3750 838 3807 reate.
870 3739 916 3805 Et
936 3759 1034 3823 quum
1055 3736 1206 3824 lugerent

25 3824 189 3905 soterriti,
217 3824 357 3891 revocati
377 3829 418 3892 ab
441 3849 498 3906 ea,
526 3837 562 3892 ut
581 3826 705 3893 Patron
724 3825 819 3891 unico
841 3823 1073 3914 Synichronem
1093 3823 1208 3926 dilige·

68 3921 120 3979 ret
140 3932 293 3999 puerum,
322 3921 395 3977 sunt
420 3910 581 3978 admoniti.
623 3911 671 3978 Illi
689 3933 773 3998 quaa
793 3909 979 3988 audierant,
1003 3908 1140 3975 Patroni
1159 3930 1208 3974 rn-

69 3997 265 4062 dicaverunt.
308 3994 405 4062 'l'unc
434 3998 557 4063 Patron
574 3996 819 4087 ,Syniohrouem
842 4016 902 4086 pro
922 4016 982 4061 suo
1002 3993 1066 4059 lilio
1088 3992 1208 4071 ditexit,

69 4083 164 4172 eique
184 4079 279 4147 filiam
300 4102 434 4148 uxorem
462 4081 586 4149 locavit.
628 4081 701 4161 Illa,
730 4084 771 4148 ab
800 4104 840 4149 eo
860 4081 1101 4169 impraegnata,
1132 4077 1209 4145 vidit

69 4170 101 4234 in
133 4167 251 4237 somnis
278 4189 336 4253 per
366 4166 479 4236 fauces
506 4166 653 4239 introisse
670 4165 779 4256 solem
799 4179 834 4239 et
853 4167 957 4237 exisse
977 4187 1036 4257 per
1056 4172 1209 4267 ventrem.
