2632 4658
393 70 576 226 usum.
603 124 637 200 ι.
689 118 747 197 to
765 163 813 181 -
831 85 898 221 ar.
1165 120 1216 198 sn

76 316 211 383 ausast
255 304 398 373 Moriens
426 316 533 385 autem
558 303 681 371 Nessus
702 300 780 373 <tuit
800 303 986 371 Deiaohae:
1006 303 1133 392 collige
1153 303 1220 372 tibi

76 415 235 458 cruorem
250 392 377 470 istam,
400 391 534 477 eritque
550 386 616 455 tihi
629 411 694 475 pro
709 411 884 455 nurrrerro
897 412 951 456 ms
962 389 1099 454 dotum.
1118 388 1219 457 Nom

77 476 271 564 siquando
292 474 458 543 Herculis
486 495 628 539 curiora
651 485 685 540 ts
704 472 951 552 declinaverit,
976 483 1124 550 vestem,
1155 473 1217 540 hoc

78 583 200 625 cruore
214 559 399 643 injectam,
418 554 681 637 oirotriboerrs,
703 561 778 647 ejus
791 580 943 627 amorem
953 557 1126 627 revocabis
1138 556 1214 623 riti.
1238 598 1241 603 ,

79 646 187 719 Quum
218 644 317 732 igitur
343 641 503 711 Heicules
533 640 691 730 quandam
723 643 922 712 meretricem
947 652 1084 720 amaret,
1116 657 1239 711 exosae

60 729 232 797 vDeianira
253 728 336 795 misit
358 729 388 795 ei
410 740 548 806 vestem,
575 727 627 792 illo
651 749 770 793 veneno
794 727 962 802 inlectam,
984 727 1137 797 mandans

77 815 226 895 Licham,
249 812 398 880 famulum
420 813 564 902 ejus,·ut
586 805 665 879 hrim
685 812 831 880 sacrificii
852 812 936 879 illam
955 809 1117 882 indueret
1141 750 1216 889 ὥ

78 899 227 980 indutus,
255 898 401 966 adhaesit
420 899 494 965 ronti
521 898 619 977 illius,
652 898 821 987 coepitque
850 919 1005 968 cenenum
1029 909 1117 967 anus
1137 897 1215 965 illius

76 984 247 1052 infundere
264 996 297 1052 et
307 983 488 1055 incendere.
518 985 615 1050 'func
628 982 773 1063 Licham,
794 983 849 1071 qui
866 983 1029 1051 eirestem
1043 982 1213 1064 detulerat,
1278 1000 1281 1009 “

76 1071 108 1136 in
135 1071 301 1137 Euboicas
332 1069 466 1159 projecit
492 1068 604 1136 undas.
642 1068 687 1136 Se
709 1070 812 1158 ipsum
835 1069 866 1135 in
889 1072 1010 1137 Aetnae
1031 1069 1144 1138 montis
1165 1071 1257 1136 in-lo

79 1155 228 1234 cendium
247 1155 365 1238 misit,‘
381 1167 414 1223 et
434 1156 480 1222 sie
501 1155 583 1224 inter
602 1153 681 1227 (leus
702 1153 873 1239 translatus
895 1167 953 1225 est.

258 1293 327 1370 59.
382 1294 672 1371 Philoctetes
711 1306 755 1368 et
786 1288 1030 1370 Hercules.

162 1415 360 1483 Philoctetes
390 1414 449 1481 luit
468 1413 622 1484 Poeantis
652 1415 750 1495 lilius,
779 1413 928 1483 Hercuhs
951 1426 1067 1482 comm.
1111 1413 1217 1488 Quem
1259 1450 1260 1455 κ

78 1501 255 1581 Hercules,
283 1523 381 1590 quam
403 1497 562 1566 hominem
586 1499 619 1564 in
640 1498 741 1571 Aetna
762 1512 870 1569 moute
893 1501 1087 1590 deponeret,
1114 1498 1216 1591 petiit,

76 1596 132 1688 pe'
147 1586 240 1654 alicui
269 1586 319 1652 tui
349 1584 492 1688 purpuris
519 1583 666 1689 peliquias
691 1585 868 1689 indicaret·
907 1584 961 1654 De
972 1607 1052 1692 ‘qua
1078 1606 1116 1651 re
1139 1606 1212 1652 eum
1221 1607 1256 1661 15
1290 1602 1296 1615 ’

72 1670 480 1855 ttit't÷„tt.¹¹'†'tnt
500 1670 1062 1846 tnttrtltttttettt
1082 1667 1215 1842 ‘littei

76 1843 227 1909 Herculis
249 1865 330 1934 opus
349 1864 421 1909 esse
442 1839 484 1907 ad
506 1840 643 1933 Troiae,
672 1865 728 1910 seu
749 1841 816 1923 liii,
843 1865 924 1930 expu
951 1843 1118 1910 nationem.
1162 1839 1215 1906 ln-

77 1939 190 1995 ventus
210 1928 319 2016 itaque
338 1927 550 2006 Philoctetes,
578 1948 675 2015 quum
697 1929 737 1993 ab
760 1949 800 1992 eo
820 1865 979 1994 Hercules
995 1937 1216 2016 quaereretur,

77 2025 110 2080 et
134 2026 270 2102 negaret
290 2012 391 2103 primo
414 2034 450 2078 se
471 2012 570 2086 scire,
600 2013 652 2078 uhi
674 2023 761 2080 esset
781 2012 956 2091 Hercules,
987 2009 1114 2079 tandem
1137 2033 1255 2089 cau-20

77 2099 182 2165 sessus
211 2110 277 2177 est,
296 2176 299 2181 ¹
315 2109 475 2165 mortuum
504 2120 584 2163 esse.
628 2096 717 2164 idem
747 2120 843 2188 quum
872 2098 989 2166 acriter
1008 2097 1050 2164 ad
1071 2095 1214 2166 indican-

76 2185 155 2249 dum
175 2183 354 2269 sepulcrum
378 2183 445 2273 ejus
469 2195 659 2269 cogeretur,
684 2183 770 2335 pede
791 2183 895 2249 locum
909 2183 1088 2271 percussit,
1116 2203 1215 2271 quum

76 2269 174 2336 nollet
195 2268 313 2336 dicere.
357 2269 477 2334 Postea
500 2289 641 2357 pergens
663 2292 682 2334 a
728 2269 859 2349 belham,
879 2291 977 2358 quum
998 2269 1214 2346 exerceretur,

75 2355 216 2441 sagittae
237 2355 328 2420 unius
351 2362 429 2421 casu
451 2353 631 2426 vulneratus
653 2356 754 2422 estin
782 2353 886 2443 pede,
919 2367 986 2442 qun
1009 2365 1214 2444 percusserat

76 2440 240 2511 tumulum.
290 2441 383 2527 Ergo
405 2460 503 2527 quum
535 2438 691 2507 foetorem
719 2438 900 2506 insanabilis
929 2439 1064 2506 vulneris
1090 2437 1274 2523 Gnaeum,

75 2526 163 2613 serre
199 2547 265 2591 non
320 2536 445 2605 assent,
488 2523 543 2591 diu
580 2523 726 2614 equidem
764 2547 822 2614 pro
857 2523 978 2591 oraculi
1011 2523 1211 2607 necessitate,

74 2609 207 2679 ductum
237 2622 271 2678 ta
315 2633 364 2676 em
394 2607 479 2698 apud
510 2608 668 2676 Lemnum
698 2611 827 2677 sublatis
855 2609 1092 2705 reliquerunts
1138 2609 1212 2677 ittis.

74 2696 142 2762 Hic
169 2708 281 2799 postca
312 2696 446 2763 horrore
473 2696 521 2761 sui
550 2696 684 2763 muneris
710 2695 753 2762 ad
773 2695 906 2785 patriam
928 2694 1033 2763 redire
1054 2694 1211 2784 negexit3

75 2780 136 2849 sed
154 2782 214 2850 arbi
234 2804 362 2871 parram
385 2779 530 2849 Petiliam
551 2782 583 2849 iu
602 2781 775 2871 Calabriae
795 2781 937 2871 partibus
960 2781 1046 2853 fecit

230 2989 234 2999 .
339 2922 408 2997 60.
462 2925 660 3025 Nepotes
701 2926 934 3001 Here-ulis.
1198 2918 1250 2997 ''ao

158 3041 337 3130 Postquam
365 3044 524 3113 Hercules
555 3044 704 3133 migrarit
731 3069 751 3113 e
776 3044 887 3125 terris,
918 3050 1050 3132 nepotes
1072 3039 1151 3132 ejus,
1172 3038 1212 3106 ti·

74 3136 199 3194 mentes
216 3128 346 3197 insidias
362 3152 492 3211 ¹eorum,
525 3153 605 3218 quos
634 3130 791 3200 Hercules
816 3128 974 3196 afflixerat
994 3124 1211 3215 multipliciter.

74 3212 207 3281 Athenis
230 3209 289 3280 sibi
309 3217 400 3306 primi
422 3218 560 3308 asylum,
582 3215 646 3284 hoc
667 3230 715 3285 est
736 3217 886 3305 templum
905 3214 1084 3293 Minervae,
1114 3207 1211 3275 collo-

74 3304 205 3376 carunt,
234 3296 321 3366 unde
348 3300 448 3369 nutas
463 3311 587 3391 ‘posset
607 3302 740 3384 abduci3
779 3300 868 3390 quod
904 3311 938 3368 et
966 3298 1088 3379 Statius
1116 3292 1210 3360 dicit:
1269 3319 1274 3328 ’

74 3382 268 3469 Herculeos
287 3387 402 3452 cedem
416 3386 593 3472 fraudasse
614 3412 656 3454 oe
681 3399 763 3457 uteo.
804 3385 882 3454 ideo
907 3406 988 3471 ergo
1020 3383 1079 3462 alis
1115 3377 1249 3483 imm

74 3465 251 3532 Romulos
260 3469 413 3538 Atlreriir
422 3472 560 3561 asylum
576 3413 719 3552 retulit,
742 3472 805 3542 hoc
823 3484 882 3547 cst,
902 3481 966 3537 tem
988 3466 1052 3539 lum
1074 3467 1150 3532 secli
1169 3460 1213 3533 td

74 3551 283 3621 imitationem
306 3555 502 3624 Atheniensis
524 3554 610 3646 asyli.
638 3553 736 3633 Quod
757 3555 832 3625 ideo
859 3491 1017 3622 Romuius
1047 3552 1138 3623 tecit,
1170 3559 1208 3616 ut

73 3635 209 3729 haberet
230 3638 369 3709 advenas
387 3641 512 3731 plures,
535 3663 608 3708 cum
629 3643 743 3732 quibus
764 3640 918 3709 conderet
929 3640 1075 3707 Romam.
1111 3632 1209 3702 Unde

75 3721 256 3807 Jpvenalis:¹
282 3726 330 3790 Et
351 3737 467 3791 tomen
486 3737 527 3791 ot
544 3726 648 3813 longe
663 3737 802 3814 repetas
817 3726 985 3815 longeque
1000 3723 1154 3792 revolvas
1169 3754 1212 3775 ···

75 3828 217 3891 nomen,
244 3807 287 3874 cb
309 3807 438 3911 irpjomi
455 3821 599 3899 gentem
619 3810 762 3876 deducis
783 3811 893 3898 asylo.
1218 3837 1255 3890 ιο

322 3925 387 4015 (il.
441 3942 615 4019 Pholus
652 3957 694 4020 et
725 3914 969 4029 Hercules.
1025 3916 1030 3925 ι

165 4059 307 4136 Pholoe,
335 4061 410 4128 silva
438 4062 645 4146 Thessaliae,
672 4063 761 4132 dicta
782 4087 802 4132 a
822 4062 926 4131 Pholo
952 4064 1133 4140 Centauro,
1161 4057 1217 4145 qui

78 4167 151 4251 cam
187 4146 364 4230 incolebat;
398 4147 485 4236 quia.
501 4147 623 4218 Pholus
651 4161 817 4255 tempore,
857 4157 932 4246 quos
957 4149 998 4216 ab
1033 4145 1216 4235 Eurystheo
