2632 4658
56 132 63 141 ’
144 151 224 226 rso
417 114 599 246 upum.
634 146 688 259 ῃ.
742 142 1001 223 rao-aaa.

141 337 182 400 ab
218 332 358 399 Hercule
387 342 420 399 et
446 331 613 417 Megaram
646 351 778 396 uxorem
804 342 838 398 et
859 354 898 398 ex
919 354 960 397 ea
990 328 1073 396 filios
1104 334 1265 415 susceptos

58 438 69 447 ‘
138 422 340 496 interemtos3
377 414 465 504 quod
483 416 599 484 factum
620 415 723 482 fuerat
743 417 871 483 lunonis
892 417 1049 482 instinctu.
1094 414 1191 479 Unde
1211 415 1265 479 ira-

140 518 192 572 tus
211 504 369 569 Hercules
399 512 530 589 propter
559 501 641 565 illam
669 500 729 566 sibi
759 498 969 589 denegatam,
997 522 1110 568 eversa
1124 499 1266 588 civitate,

140 588 297 657 interemit
317 588 491 676 Eurytum,
510 597 545 653 et
564 585 653 651 lolen
672 585 802 652 sustulit
1165 590 1171 607 '

117 781 134 828 a
239 704 331 829 lii0.
396 744 495 827 Duo
526 752 678 826 leones
715 754 1002 828 ablica-culs
1044 758 1174 829 victi.

192 944 196 949 .
225 852 381 952 Hercules
405 881 486 946 druos
507 878 614 946 leones
635 881 809 970 superarit,
830 903 926 947 unum
944 880 1172 959 Teumesium,
1197 878 1267 944 alte-

141 994 211 1038 rum
241 970 443 1036 Cleonaeum.
494 964 673 1031 'l’eumesus
700 989 791 1033 mons
823 979 871 1033 est
901 968 1075 1047 Boeotiae;
1110 966 1267 1032 Nemaeus

140 1078 231 1123 mons
252 1054 416 1134 Arcadiae,
438 1050 491 1135 qui
513 1060 546 1116 et
565 1048 743 1119 Cleonaeus
765 1051 887 1119 dicitur.
929 1051 998 1142 Sed
1017 1052 1176 1117 Hercules
1197 1048 1268 1114 dum

144 1142 185 1208 ad
209 1138 417 1206 occidendum
435 1134 611 1200 Nemaeum
632 1134 754 1205 leonem
775 1139 860 1218 isset,
882 1139 922 1204 ab
942 1136 1124 1224 Eurystheo
1150 1135 1269 1213 missus,

103 1241 163 1292 tua
186 1224 350 1292 Molor'cho
371 1225 402 1288 in
425 1219 589 1307 hospitium
614 1231 663 1287 est
683 1233 858 1311 susceptus,
882 1218 1083 1313 cujus'liliam
1104 1221 1156 1287 leo
1178 1222 1269 1286 inter-

143 1313 282 1389 fecerat3
314 1320 360 1375 et·
374 1309 414 1374 ab
435 1327 494 1383 eu,
515 1305 674 1392 quomodo
699 1329 771 1374 cum
792 1307 883 1372 leone
906 1308 1015 1388 coiret,
1038 1306 1157 1373 didicit
1200 1308 1267 1381 Quo

143 1407 315 1482 superato,
337 1392 429 1460 ludos
450 1389 597 1472 instituit,
619 1412 698 1478 quos
719 1415 738 1460 a
759 1392 830 1458 loco
851 1393 995 1461 Nemaea
1015 1392 1189 1481 appellauit.
1238 1399 1246 1405 ”

473 1510 562 1633 1111.
594 1557 764 1637 'Aurea
803 1590 938 1662 poma.

106 1757 109 1764 ,
226 1690 371 1779 luppiter
382 1710 478 1776 quum
486 1688 642 1753 Junonem
653 1710 783 1755 uxorem
791 1691 933 1770 duceret,
944 1689 1048 1756 Terra
1059 1688 1153 1767 venit,
1168 1688 1267 1755 serens

101 1794 135 1842 15
144 1794 242 1842 aurea·
252 1798 346 1865 poma
359 1796 431 1840 cum
444 1772 549 1840 ramis.
592 1772 774 1847 QuaeJuno
783 1775 950 1855 admirans,
966 1776 1056 1865 petiit
1069 1797 1089 1839 a
1102 1774 1218 1855 Terra,
1235 1785 1268 1841 ut

141 1862 172 1926 in
193 1861 259 1927 suis
282 1862 380 1943 hortis
402 1869 539 1936 sereret,
560 1857 614 1944 qui
635 1872 724 1925 erant
738 1861 830 1949 juxta
850 1863 1005 1929 Atlantem
1026 1872 1175 1927 montem.
1218 1864 1267 1926 At-

140 1947 230 2013 lantis
240 1958 344 2011 autem
359 1943 450 2021 filiae,
466 1943 576 2029 Aegle,
590 1943 759 2021 Dretbusa,
775 1948 1025 2035 Hesperetbusa‚
1036 1966 1132 2033 quum
1146 1962 1202 2011 sa'e
1223 1944 1268 2009 ius

141 2031 183 2095 de
204 2032 368 2097 arboribus
388 2029 469 2094 mala
490 2027 713 2114 decerperent,
743 2033 827 2097 Juno
849 2031 962 2099 dicitur
1014 2026 1175 2116 ervigilem
1195 1968 1268 2095 dra-

141 2117 316 2181 conem-ibi
336 2113 500 2180 custodem
532 2112 731 2199 apposuisse,
763 2139 856 2206 quem
886 2057 1058 2194 Hercules,
1093 2115 1207 2182 missua
1229 2116 1267 2180 ab

98 2201 321 2289 20Durystbeo
344 2198 385 2265 ad
407 2198 621 2286 Hesperidum
644 2221 756 2284 poma,
790 2201 922 2283 occidit,
954 2216 986 2270 et
1007 2223 1101 2290 poma
1120 2201 1197 2266 inde
1215 2221 1267 2265 au-

139 2309 194 2350 rea
223 2286 299 2352 tulit.
351 2285 476 2348 Revera
509 2294 613 2348 autem
641 2282 758 2352 nobiles
793 2287 919 2355 fuerunt
958 2286 1094 2376 puellae,
1138 2308 1269 2372 quarum

136 2392 258 2456 greges
280 2370 389 2455 abegit
410 2368 585 2447 Hercules,
614 2368 721 2435 occiso
744 2393 854 2440 eorum
876 2373 1032 2442 custode.
1061 2370 1158 2437 Unde
1178 2372 1268 2458 μῆλα

69 2495 75 2507 ·
136 2458 267 2541 fingitur
288 2455 467 2532 sustulisse,
497 2452 559 2519 boc
580 2463 629 2518 est
647 2476 732 2520 oves.
784 2458 868 2528 Nam
887 2462 981 2550 μῆλα
1009 2457 1157 2525 dicuutur
1185 2477 1268 2535 oves,

136 2551 169 2607 et
187 2536 382 2627 μηλονόμος
402 2538 517 2606 dicitur
537 2548 647 2626 pastor
668 2543 781 2608 ovium.

103 2765 153 2820 oa
351 2733 441 2807 162.
496 2736 719 2823 Hercules
753 2750 795 2812 et
829 2738 1060 2811 Deianira.

221 2860 379 2929 Hercules
411 2887 508 2952 quum
537 2865 570 2931 iu
584 2866 731 2956 bospitio
760 2863 800 2929 ad
830 2863 1049 2931 Dexamenum
1075 2884 1189 2949 regem
1219 2884 1267 2927 re-

120 2946 245 3023 nisset,
266 2941 455 3029 Deianiram,
477 2951 569 3015 filiam
591 2952 668 3040 ey'us,
690 2950 839 3037 corrupit,
858 2961 891 3016 et
913 2951 1008 3015 fidem
1025 2944 1122 3026 dedit,
1146 2971 1183 3013 se
1200 2970 1269 3013 earu

139 3055 270 3097 uxorem
301 3032 360 3099 sibi
388 3056 459 3100 esse
488 3034 666 3102 ducturum.
708 3038 789 3103 Post
815 3035 881 3122 ejus
912 3035 1083 3118 discessum
1114 3033 1269 3122 Eurytion

139 3118 319 3181 Deianiram
341 3120 439 3205 petiit,
464 3144 558 3207 quam
578 3133 680 3209 pater,
704 3124 763 3188 vim
786 3121 907 3200 timens,
929 3120 1095 3208 Eurytiuui
1117 3118 1267 3204 promisit.

96 3203 201 3275 suQui
225 3203 394 3269 constituto
424 3202 475 3269 die
495 3228 577 3279 cum
600 3206 746 3272 fratribus
768 3206 810 3269 ad
831 3205 955 3292 nuptias
971 3205 1068 3270 'veuit
1110 3204 1162 3268 Eo
1186 3203 1267 3269 forte
1310 3250 1312 3287 Ι

32 3358 35 3367 ‚
137 3289 206 3365 die,
239 3294 308 3374 quo'
333 3289 460 3374 nuptiae
489 3289 745 3367 celebrabantur,
778 3291 1000 3377 superueniens
1030 3287 1154 3355 Alcides
1183 3289 1268 3354 Ceri-
1310 3294 1312 3367 ξ

95 3385 99 3393 “
137 3385 244 3523 lappas
268 3373 444 3456 interfecit,
473 3384 505 3442 et
525 3374 706 3441 Deianiram
731 3375 890 3462 insperate
910 3398 967 3441 suu
992 3374 1190 3445 matrimonio
1215 3394 1267 3439 cu·
1309 3370 1312 3423 l

136 3480 177 3545 pu
211 3457 260 3523 vit.
356 3491 361 3501 ·

461 3592 553 3669 165.
607 3597 757 3673 Lerna
793 3600 940 3698 palus.
989 3544 991 3549 Ι

97 3749 132 3799 35
170 3759 177 3769 ι
223 3723 329 3790 Lerna
350 3724 439 3812 palus
462 3724 528 3804 luit,
556 3727 587 3791 in
611 3750 673 3814 qua
694 3728 794 3817 hydra
815 3730 920 3795 bestia⁴
937 3737 1014 3805 erat,
1035 3727 1066 3793 L
1087 3727 1193 3815 capita
1214 3727 1268 3792 ba·

138 3809 235 3888 bens,
264 3809 328 3886 rel,
356 3821 391 3874 ut
412 3807 461 3873 alii
482 3808 605 3891 dicunt,
636 3812 713 3894 VII·;
743 3837 825 3900 quae
854 3815 968 3881 Latine
995 3812 1110 3879 dicitur
1132 3823 1268 3879 excetra.

138 3893 220 3958 Nam
241 3892 380 3956 Hercule
403 3917 471 3956 eam
494 3893 685 3977 debellante,
716 3920 778 3962 uno
806 3901 908 3987 capite
937 3921 1050 3976 caeso,
1078 3897 1138 3963 tria
1164 3897 1268 3984 capita

139 3977 332 4042 crescebant.
377 3979 480 4050 Quam
502 3977 628 4045 demum
647 3980 723 4067 igne
745 3984 856 4050 vicisse
877 3984 1000 4050 dicitur.
1044 3982 1111 4048 Sed
1134 3996 1269 4055 constat,

138 4061 272 4148 hydram
301 4062 404 4126 locum
433 4062 540 4128 luisse.
583 4080 758 4135 vomentem
791 4092 908 4156 aquas,
945 4066 1115 4151 vastamesj
1134 4068 1267 4133 vicinam

98 4148 306 4217 activitatem.
350 4145 412 4222 Qui
442 4169 537 4234 quum
568 4150 748 4240 frequenter
778 4155 969 4237 siccaretur,
1001 4176 1040 4220 ae
1069 4151 1267 4240 multiplicius
