2632 4658
117 155 197 230 rso
259 215 263 224 s
365 155 567 274 ,nynoga
598 120 656 228 n.
721 103 1003 229 raa-..rae
1071 187 1093 246 ·,

117 346 319 412 exerceretur
340 335 439 420 diseo,
460 341 502 406 ab
516 341 602 413 irato
622 341 730 407 Borea
751 340 865 412 eodem
885 336 975 405 disco
991 302 1041 406 est
1053 294 1244 422 interemtus,

55 438 60 455 ²
117 430 149 491 et
168 424 201 489 in
231 426 344 490 florem
375 425 423 492 sui
451 426 582 491 nominis
615 436 764 495 mutatus.
813 425 881 490 -Hic
911 425 1109 491 autentica
1143 428 1245 509 rubet,

117 509 205 598 quasi
226 509 321 580 lilium
343 506 514 597 designans
535 510 668 598 primaru
683 509 879 579 ‘'Tortlvdoo
897 508 1046 576 litterato.
1222 522 1226 527 ’

453 675 545 752 182.
607 680 908 800 amaracus.
1009 715 1012 720 ·

91 823 128 885 o,
200 810 371 874 dmaracus
394 828 474 896 puer
495 807 604 895 regius
627 809 854 895 unguentarius
871 808 938 886 suit,
958 803 1013 896 'qud
1035 827 1111 874 casu
1131 806 1248 895 lapsus,

118 891 194 959 dum
224 893 321 959 ferret
348 903 532 979 unguenta,
563 894 713 982 urajorern
740 917 779 960 ex
810 893 997 959 contusione
1019 890 1153 959 odorem
1175 905 1261 982 proi

36 1040 40 1050 ,
119 978 253 1051 crearit:
285 974 368 1043 unde
390 979 507 1065 optima
530 989 693 1062 augurentu
714 976 955 1057 amaracina
975 976 1134 1045 dicuntur.

459 1144 550 1219 185.
605 1138 915 1234 Pilumnus.

205 1272 367 1340 Pilumnus
391 1284 423 1339 et
446 1272 612 1340 Pitumnus
636 1275 749 1341 fratres
768 1274 911 1340 'fuerunt
937 1269 990 1340 dii.
1020 1264 1166 1339 'florum
1197 1270 1251 1338 Pi-

80 1360 248 1426 1⁰tumnus
286 1381 377 1426 usum
422 1358 699 1424 stercorandoronr
738 1359 855 1425 invenit
870 1379 1055 1461 egrotum,
1095 1356 1184 1441 unde
1221 1366 1253 1423 et

122 1443 327 1510 Sterculinius
347 1443 449 1509 dictus
470 1455 537 1520 est3
572 1444 733 1510 Pilumnus
753 1444 827 1508 vero
872 1441 992 1509 rnsendi
1022 1442 1189 1524 frumenti,
1220 1453 1252 1508 ct

123 1551 142 1594 a
162 1529 331 1616 pistoribus
352 1527 484 1607 colitur,
506 1539 538 1595 et
557 1531 597 1594 ab
618 1529 693 1617 ipso¹
704 1527 821 1614 pilam
842 1465 963 1597 dictum
983 1539 1040 1596 est.

473 1715 588 1794 181
627 1719 899 1797 Caeculus.

208 1846 244 1910 ln
267 1847 441 1913 Praeneste
461 1847 587 1915 civitate
609 1846 672 1914 duo
695 1857 786 1914 erant
807 1845 939 1927 fratres,
959 1846 1011 1934 qai
1032 1844 1126 1912 divini
1147 1846 1251 1949 appel-

83 1931 276 1998 1⁵labantur.
324 1933 453 2000 Horum
484 1954 575 1998 soror
596 1933 669 2000 dum
700 1944 775 2000 ante
797 1931 902 1998 locum
936 1931 1080 2010 sederet,
1112 1932 1252 1998 resiliens

123 2017 254 2082 scintilla
301 2016 368 2103 ejas
405 2028 528 2083 uterum
562 2012 733 2104 percussit,
780 2016 865 2082 unde
905 2015 1020 2083 dicitur
1056 2018 1253 2118 concepisse.

123 2103 242 2168 Postea
280 2103 370 2168 enixa
398 2115 447 2170 cst
479 2124 612 2190 puerum
635 2105 726 2193 juxta
753 2104 901 2191 templum
921 2102 1026 2182 Jovis,
1065 2100 1252 2190 abjecitque.

120 2187 180 2252 Vir
204 2187 271 2251 ines
293 2198 441 2272 aquatum
464 2197 591 2267 euntes,
620 2187 712 2278 juxta
732 2187 839 2274 ignem
857 2188 1013 2255 inventurn
1040 2186 1253 2277 ¹sustulerunt3

124 2293 166 2337 un
191 2270 360 2337 eVulcani
382 2272 478 2337 lilium
501 2294 572 2338 esse
593 2272 755 2352 dicerunt,
789 2271 961 2338 Caeculum
983 2284 1150 2352 vocantes,
1181 2272 1254 2358 quia

82 2356 296 2422 ²0miooribus
318 2355 416 2422 oculis
439 2355 514 2438 luit3
546 2372 641 2445 quam
663 2379 729 2425 rena
762 2357 836 2422 lumi
849 2356 1043 2507 (flerumque
1070 2357 1147 2422 lacit
1173 2356 1253 2422 acri-

125 2442 237 2507 monia.
291 2442 356 2507 Hic
393 2452 520 2529 postea,
560 2442 693 2511 collecta
727 2442 847 2509 multitu
872 2444 943 2519 ine,
990 2454 1157 2530 postquam
1200 2441 1253 2506 diu

123 2526 327 2592 latrocinatos
350 2538 415 2605 est,
435 2526 673 2596 Praenestinam
696 2527 850 2593 civitatem
870 2528 902 2593 in
923 2529 1080 2593 moralibus
1102 2525 1253 2594 condidit

124 2613 169 2678 Et
189 2632 285 2697 quum
307 2611 453 2677 ludorum
473 2609 527 2677 die
547 2613 665 2680 ricinos
697 2612 830 2701 populos
857 2613 1036 2690 invitasset,
1070 2611 1177 2699 coepit
1199 2634 1252 2677 eos

126 2697 263 2777 hortari,
283 2706 320 2762 ut
339 2718 447 2761 secum
468 2696 664 2776 habitarent,
687 2708 720 2764 et
738 2698 861 2782 gloriae
882 2720 979 2784 causa
995 2697 1138 2786 jactare,
1157 2696 1255 2760 lilium

14 2818 16 2824 ,
84 2786 162 2846 tlse
181 2802 252 2847 esse
272 2779 413 2847 Vulcani.
463 2781 560 2854 Quod
593 2805 689 2870 quum
724 2782 764 2850 illi
796 2803 858 2848 aon
887 2781 1074 2858 crederent,
1108 2781 1254 2849 invocato

15 2903 18 2908 -
60 2901 66 2926 r
126 2864 286 2944 Vulcano,
317 2877 353 2932 ut
373 2874 409 2932 se'
431 2862 528 2932 liliuru'
547 2888 639 2935 suurn
660 2869 896 2955 comprobaret,
931 2867 1031 2932 omnis
1052 2866 1130 2931 illius
1154 2866 1256 2932 multi-

126 2949 242 3017 tudinis
263 2962 374 3017 coetus
395 2960 445 3017 est
469 2952 603 3019 'flamma
623 2951 844 3019 circumdatus.
893 2953 965 3026 Quo
989 2952 1072 3018 facto
1109 2951 1256 3017 commoti

126 3034 243 3124 populi,
263 3035 355 3103 simul
376 3035 614 3120 habitaverunt,
636 3051 670 3107 et
686 3037 817 3105 Vulcani
840 3035 934 3104 lilium
955 3058 1027 3105 esse
1045 3034 1257 3103 crediderunt.

469 3221 562 3297 reo.
622 3164 904 3300 uersuum.

88 3361 126 3410 ³⁰
211 3351 381 3418 Telchines
402 3362 467 3418 tres
497 3352 611 3420 fratres
634 3354 730 3419 l'uisse
750 3353 897 3420 dicuntur
925 3349 1039 3418 invidia
1057 3343 1151 3416 lividi.
1195 3351 1257 3425 Qui

151 3461 228 3504 uum
256 3438 429 3505 vicinorum
456 3457 554 3524 agros
585 3436 727 3507 riderent
753 3450 905 3527 proventu
941 3435 1057 3502 fertiles
1088 3447 1121 3501 ct
1148 3448 1260 3511 natura

128 3463 254 3603 lelices,
285 3523 348 3590 *hos
370 3523 522 3611 sparsisse
553 3522 698 3590 dicuntur
726 3524 815 3613 aquis
851 3523 987 3614 Stygiis,
1024 3531 1060 3588 ut
1088 3519 1261 3591 redderent

28 3613 33 3631 ‘
126 3606 323 3679 infecundos.
366 3609 439 3683 Qua
460 3608 552 3696 culpa
573 3632 707 3697 poenam
722 3621 923 3696 metuentes,
955 3605 1056 3675 solutu
1087 3617 1260 3688 verterunt,

129 3717 228 3783 seque
248 3692 290 3760 ad
311 3693 469 3785 Cyclopas
490 3695 696 3764 contuleruut.
956 3722 958 3725 ·

89 3874 130 3925 ³⁵
530 3855 621 3938 188.
679 3867 864 3940 Tenes.

99 3977 118 3991 '³
215 3992 325 4057 'Penes
345 3990 472 4078 quidam
496 3991 681 4066 infatuatus,
715 3988 893 4079 quodcum
915 4014 1052 4059 noverca
1073 3991 1262 4063 concubuis-

133 4086 201 4154 set,
222 4075 384 4150 insulam,
448 4100 486 4142 ae
507 4076 658 4144 Tenedos
681 4088 900 4166 nuncupatur,
929 4101 1061 4147 vacuom
1090 4076 1262 4146 cultoribus

133 4161 242 4227 tenuit.
287 4161 382 4227 Unde
402 4101 553 4230 l'euedos
575 4161 660 4232 dicta
681 4175 739 4231 est
1152 4207 1155 4210 >
