2632 4658
154 92 234 238 raa
402 157 685 266 antuman.
738 156 782 232 a·
833 126 1051 239 trs-au.-

151 345 265 417 ordins
283 344 416 426 dicitur,
468 340 533 409 nod
554 341 670 409 nullam
690 344 861 413 observans
881 342 1087 434 dlghitntem,
1117 348 1192 417 nulli
1210 372 1279 440 par-

151 455 228 502 cens
249 432 360 511 aetati,
380 365 597 498 indiderentor
617 427 722 494 omniu
743 430 784 495 ad
805 455 842 497 se
861 430 966 502 trahit

233 519 286 585 24.
327 517 380 584 De
397 514 532 602 geminis
546 514 737 580 somniorum
755 518 865 602 portis,
884 518 985 587 altera
1005 540 1163 598 verorum,
1183 519 1278 589 altera

150 605 319 681 falsorum,
350 624 428 690 quos
461 598 548 686 apud
575 599 693 666 inferos
723 602 957 685 constituimus,
984 605 1183 707 philosophia
1201 606 1279 674 haec

122 691 257 758 thabat.
298 688 371 754 Per
385 697 526 775 portant,
553 683 667 773 inquit,
695 706 844 753 corneam
864 689 948 754 oculi
967 691 1206 776 significantur,
1228 694 1277 782 qni

148 786 181 843 et
212 772 319 841 cornei
348 784 422 839 sunt
452 769 566 836 coloris
593 780 627 835 et
653 772 769 836 ceteris
792 773 940 840 membris
961 774 1106 843 duriores
1114 800 1131 854 ,·-
1162 776 1237 866 qnip
1259 802 1284 845 e·

148 861 202 948 qui
220 883 280 947 uec
301 858 404 944 frigus
424 857 578 931 sentiunt,
598 855 682 920 sicut
701 856 818 922 Cicero
839 859 871 924 in
891 857 971 926 libro
991 860 1034 926 de
1053 862 1198 928 Deorum
1246 887 1276 931 u-

147 957 221 1013 tura
245 955 390 1013 testatur.
442 943 509 1008 Per
543 943 715 1006 eburneam
748 964 823 1008 sero
851 957 979 1039 portam
1013 970 1051 1012 os
1082 948 1107 1013 si
1135 948 1276 1017 nilicatur

148 1054 222 1097 cnm
243 1028 401 1099 dentibus.
427 1028 554 1093 Scimus
575 1035 692 1104 autem,
712 1025 799 1113 quod
820 1050 904 1117 quae
922 1030 1089 1120 loquimur,
1108 970 1192 1101 laisa
1208 1056 1274 1102 essa

106 1126 295 1204 lopossnnt,
325 1135 366 1179 ea
392 1135 468 1178 vero
488 1133 572 1200 quae
590 1109 749 1190 ridemus,
777 1115 913 1180 maxime
930 1139 1007 1184 vera
1026 1129 1110 1185 sunt,
1150 1118 1273 1187 κάτω

145 1205 289 1282 Aeneas,
314 1199 369 1288 qui
397 1197 523 1286 politice
550 1205 583 1262 et
603 1197 635 1262 in
653 1196 809 1263 infernum
831 1198 1027 1269 intromissus
1048 1213 1117 1283 ost,
1148 1215 1182 1271 et
1205 1206 1274 1273 inde

144 1287 296 1364 emissus,
314 1305 387 1372 ,per
414 1284 586 1348 eburneam
614 1293 738 1371 portam
765 1304 915 1385 agressus
941 1299 998 1354 est.
1040 1286 1102 1356 Est
1125 1300 1161 1355 et
1179 1290 1273 1373 alind,

18 1386 20 1391 ’
144 1370 233 1458 quod
253 1370 328 1437 inde
349 1370 489 1436 sumitur.
532 1369 696 1434 Somnium
724 1389 865 1437 novimus
889 1394 961 1438 cum
985 1395 1084 1439 cornu
1105 1374 1213 1461 pingi3
1242 1389 1273 1444 ot

120 1452 198 1543 'qui
228 1455 271 1521 de
298 1454 427 1522 somniis
452 1454 625 1534 serissere,
646 1476 698 1517 -ea
732 1475 815 1541 qnae
850 1455 1025 1525 secundum
1053 1460 1214 1527 fortunam
1242 1472 1272 1529 et

141 1564 202 1693 pler
220 1540 455 1629 possibilitatem
475 1477 526 1603 rid

101 1554 137 1605 15
527 1550 636 1616 antur,
653 1538 804 1605 effectum
822 1543 1005 1629 saepissime
1023 1543 1270 1615 bebenedicnnt.

115 1668 120 1678 .
175 1626 306 1706 thaec,
341 1625 444 1715 ajunt,
471 1625 537 1690 risa
556 1632 630 1691 sunt
651 1645 768 1705 cornu;
801 1624 888 1691 unde
908 1649 1054 1696 verorum
1074 1652 1195 1697 cornea
1215 1633 1270 1698 lin·

141 1712 230 1799 gitur
249 1722 341 1800 porta
361 1708 562 1777 somniorum.
603 1708 655 1774 Ea
674 1731 766 1788 vero,
793 1732 878 1796 quae
904 1724 978 1780 sunt
998 1736 1095 1803 supra
1113 1715 1268 1785 fortunam

142 1807 176 1864 et
202 1797 331 1863 nimium
361 1807 505 1863 ornatum
530 1794 711 1883 variamque
731 1793 849 1862 habent
871 1793 1067 1884 jactantiam,
1100 1799 1269 1871 sabaeus

142 1883 338 1949 confirmant.
393 1879 489 1948 Unde
515 1881 656 1945 eburnea
679 1879 768 1968 quasi
787 1883 928 1950 ornatior
950 1896 1042 1973 porta
1063 1885 1148 1954 falsis
1169 1887 1267 1955 datur.

97 1966 339 2059 nnPorphyrius
356 1976 463 2034 tamen
484 1958 594 2032 eandm
615 1963 857 2052 descriptionem
874 1980 1059 2118 portarum,
1079 1984 1115 2038 nt
1135 1972 1181 2040 ait
1199 1973 1267 2039 Ma-

139 2055 278 2131 crobius,
293 2056 335 2120 ab
353 2052 497 2118 Homero
519 2050 667 2130 traditam
689 2051 779 2117 latius
801 2063 835 2120 st
855 2065 944 2122 aster
962 2056 1155 2144 exequitur.¹
1172 2058 1267 2127 Latet

138 2139 240 2218 enim,
268 2140 384 2227 inquit,
418 2160 511 2203 omne
532 2158 659 2214 verum;
687 2135 744 2202 sed
766 2147 872 2202 tamen
895 2140 997 2208 anime
1017 2164 1115 2229 quum
1135 2143 1177 2209 ab
1198 2145 1266 2211 olli-

139 2223 195 2289 ciis
218 2226 361 2312 corporis
381 2246 492 2290 somno
514 2221 582 2309 ejus
602 2220 764 2310 paululum
777 2221 874 2311 libera
894 2235 952 2304 est,
974 2226 1132 2294 interdum
1147 2230 1266 2317 aspicit,

128 2308 295 2377 interdum
314 2309 448 2375 intendit
467 2308 585 2385 eciem,
606 2330 667 2373 nec
689 2319 794 2373 tamen
813 2309 971 2394 perridet3
989 2322 1132 2399 stqunm
1144 2315 1264 2403 aspicit,

95 2415 200 2465 ennon
221 2407 326 2463 tamen
347 2396 446 2462 libero
470 2405 502 2461 et
523 2391 646 2460 directo
666 2390 780 2457 lumine
802 2393 895 2471 ridet,
921 2395 980 2461 sed
998 2399 1063 2464 inte
1081 2396 1165 2466 'ecto
1187 2400 1265 2469 ¹velu-

135 2480 237 2563 mine,
265 2481 352 2571 quod
373 2502 471 2547 nexus
492 2490 624 2546 naturae
644 2470 969 2565 cadiganlisobduxit.
1008 2482 1055 2551 Et
1100 2486 1194 2567 oc-in
1212 2508 1265 2553 nu·

133 2576 208 2633 tura
229 2569 378 2656 Virgilius
396 2589 468 2633 esse
489 2565 617 2645 asserit,
649 2562 775 2631 diceus:

217 2651 366 2738 Aspice3
399 2674 548 2737 namque
574 2672 723 2725 omnem,
754 2672 843 2738 quae
868 2672 961 2716 nunc
982 2648 1130 2717 obducta
1152 2656 1266 2723 tuenti

218 2737 390 2801 Mortales
407 2732 544 2799 hebetat
563 2733 659 2796 visus
679 2731 764 2812 tihi,
794 2745 830 2799 et
847 2734 994 2802 humido
1013 2737 1148 2804 ciream
1202 2764 1207 2773 ⁸
1269 2770 1272 2775 ·

92 2840 131 2890 ao
220 2819 383 2906 Caligat,
411 2816 535 2884 nubem
558 2816 707 2903 eripiam
736 2850 846 2865 --·

131 2904 208 2970 Hoc
235 2903 377 2971 velamen
404 2925 501 2993 quum
525 2903 557 2969 in
576 2901 687 3054 puiete
704 2925 809 2992 nsque
827 2902 870 2971 ad
890 2925 1000 2972 verum
1019 2905 1120 2974 aciem
1140 2906 1264 2976 animan

130 2989 372 3079 introspicientis
393 2989 545 3070 admittit,
600 3010 619 3053 e
647 3010 748 3055 cornu
769 2989 927 3070 creditor,
957 2991 1130 3081 cnjnsistu
1149 3006 1263 3067 natura

130 3086 198 3156 est,
237 3088 272 3144 ut
304 3086 466 3143 tenuatum
500 3074 579 3141 visui
611 3073 667 3141 liat
694 3075 845 3163 pervium.
886 3076 991 3151 Quum
1020 3090 1125 3146 autem
1147 3101 1169 3146 a
1186 3101 1261 3146 vero

129 3159 262 3228 hebetat
289 3184 330 3228 ao
356 3161 479 3248 repellit
501 3161 662 3242 intuitum,
690 3163 770 3226 ebur
787 3172 936 3263 putatur,
967 3163 1057 3249 cujus
1078 3185 1198 3253 corpus
1216 3165 1262 3233 ila

88 3244 264 3317 ostensum
296 3257 346 3313 est
374 3258 504 3327 natura,
535 3257 573 3312 ut
601 3244 644 3311 ad
673 3268 814 3335 quamvis
842 3247 1260 3328 extremitatemttenuitatis

129 3350 273 3413 erasum,
294 3331 377 3399 nullo
397 3332 469 3398 visu·
485 3330 528 3399 ad
545 3331 693 3398 interiora
712 3329 879 3413 tendente,
908 3343 1100 3421 penetretur.
1132 3337 1261 3405 Nubem

120 3431 237 3486 *autem
264 3418 346 3486 illam
376 3419 505 3487 Servius
532 3417 677 3483 nebulam
705 3414 748 3483 de
770 3417 862 3485 terris
884 3429 1004 3498 ortam,
1034 3440 1117 3508 qnae
1144 3424 1260 3490 nostris

128 3506 211 3572 obsit
228 3507 407 3585 obtutibus,
428 3504 506 3571 relin
530 3504 575 3569 nit
590 3503 729 3593 intelligi.
770 3502 883 3581 Unde,
902 3504 1020 3592 inquit,
1041 3529 1060 3575 a
1084 3505 1164 3590 nlla,
1186 3508 1260 3597 quia

129 3612 226 3678 supra
247 3590 392 3657 nebulam
414 3601 479 3676 est,
500 3526 689 3694 pllus'videt
724 3589 855 3655 Somnia
875 3611 955 3655 vana
974 3592 1035 3656 sub
1056 3529 1137 3658 bitis
1161 3594 1259 3667 refert
1292 3622 1308 3683 χ

88 3675 263 3746 inhaerere
279 3675 439 3764 Virgilius,
460 3698 534 3765 qnia
555 3675 610 3764 qui
630 3674 672 3741 de
687 3675 815 3742 somniis
829 3685 1016 3754 tractarunt,
1037 3688 1259 3769 quotempore

53 3801 57 3805 -
130 3760 203 3828 folia
225 3760 267 3829 de
288 3762 455 3829 arboribus
478 3761 613 3840 cadunt,
644 3783 724 3826 vana
744 3782 815 3826 esse
836 3762 958 3826 somnia
979 3760 1134 3830 dixerunt.

210 3850 263 3915 25.
305 3848 436 3914 Somnia
457 3858 491 3914 et
502 3848 668 3936 Soporem,
688 3845 812 3913 Bellum
832 3857 865 3919 et
880 3847 1054 3926 Timorem,
1070 3848 1214 3916 Luctum
1227 3858 1260 3916 et

127 3932 331 4019 Egestatem,
351 3944 524 4021 ceteraque
550 3931 677 4010 similis,
705 3930 825 3998 aditum
846 3930 956 3999 dicim
975 3935 1119 4003 obtinere
1139 3936 1257 4001 iniero·-
1305 3954 1308 3987 =

126 4017 436 4107 mm31quodhsec
456 4020 512 4085 au't
532 4018 625 4084 morti
643 4017 745 4084 vicina
765 4016 926 4099 videntur,
955 4031 1010 4086 aut
1030 4031 1258 4109 postmortem
1304 4046 1308 4055 ·

86 4124 120 4177 ⁴5
129 4115 276 4172 creantur
283 4102 310 4188 ,'
326 4115 385 4173 aut
406 4103 442 4170 in
471 4115 575 4172 morte
602 4114 685 4171 sunt.
726 4103 773 4170 Et
800 4104 912 4170 merito
942 4104 1028 4194 apud
1053 4106 1174 4176 inlesos
1197 4110 1257 4174 ista

128 4213 199 4260 esse
215 4192 396 4280 finguntur,
412 4188 487 4279 quib
506 4190 540 4256 in
562 4212 656 4278 quem
675 4189 738 4257 ista
757 4187 945 4271 cadunt,“sit
965 4192 1106 4260 mortalis
1122 4215 1256 4263 necesse
