2632 4658
303 151 487 265 urum.
513 152 587 237 111.
643 128 946 256 sa=e-;³n.=
1117 144 1202 248 sss

56 342 264 435 intelligere,
294 344 426 415 tertium
443 347 615 421 memorari
634 344 722 438 quod
743 344 953 431 intellexeris,
981 354 1130 438 mertum
1152 350 1200 421 di
1238 394 1242 429 .

56 432 169 500 cendo
190 452 306 500 ornare
327 430 416 520 quod
436 432 625 519 memineris.
680 435 769 522 Sane
788 431 830 503 de
849 432 1026 503 nominibus
1048 432 1200 526 appositis

56 520 251 607 scrupulum
270 516 382 587 lectori
403 517 578 606 injecimus.
630 518 857 611 Eurystheum,
877 540 991 607 regem
1023 519 1198 590 invenimus

56 604 164 672 fuisso
186 603 362 686 Graeciae,
388 601 503 671 Persei
524 605 672 693 generis,
700 605 756 693 qui
773 604 907 674 Junonis
927 605 1080 682 instinctu
1096 607 1197 697 impe-

56 692 158 757 rabat
186 688 339 770 Herculi,
371 698 409 756 ut
439 688 526 754 saria
553 700 704 758 monstra
722 700 907 776 superaret,
941 690 1058 780 quibus
1088 694 1222 782 possets

84 776 188 856 erire;
221 774 307 841 unde
327 779 401 840 euin
420 774 534 842 merito
552 775 668 844 durum
690 775 826 867 appellat
846 775 1013 866 Virgilius,
1035 779 1094 867 qui
1111 780 1198 848 ride·
1246 838 1251 850 ,

56 800 138 929 licet
162 863 266 950 potuit
287 857 330 926 ad
352 859 577 947 complendum
597 861 706 929 odium
727 861 895 928 nosercsle
926 863 1086 933 sufficere.
1142 871 1201 932 nt-

59 947 168 1014 lantas
187 946 273 1012 ‚reio
300 956 381 1012 tres
404 945 508 1017 fuisse
539 948 686 1043 legimus.
741 946 849 1014 Unum
885 947 1052 1028 Maurum,
1084 949 1138 1039 qui
1166 962 1199 1018 et
1292 984 1295 989 ·

58 1035 237 1112 maximum
270 1029 409 1098 alterum
430 1031 596 1115 Italicum,
661 1045 761 1100 utrem
786 1032 954 1114 Electrae,
989 1032 1077 1101 uude
1103 1038 1198 1104 nutus

60 1128 115 1185 est
146 1116 336 1197 Dardanus;
371 1115 500 1203 tertium
540 1056 750 1197 Arcadoum,
786 1127 912 1208 patrem
949 1118 1072 1209 Majae,
1109 1120 1250 1209 undere,

61 1215 160 1281 natus
191 1212 241 1270 est
275 1203 465 1270 Mercurius.
519 1205 588 1273 Sed
628 1203 778 1292 Virgilius
809 1204 842 1268 iu
871 1203 934 1272 VH
965 1224 1006 1272 ex
1036 1207 1198 1272 nominum

61 1286 267 1356 similitudine
281 1307 423 1354 errorem
444 1287 532 1371 facit,
549 1291 712 1358 Electram
728 1301 761 1356 et
775 1288 904 1372 Ma‘am,
926 1302 1043 1358 matres
1054 1291 1209 1358 Dardani

62 1384 99 1461 et
122 1373 285 1454 Mercurii,
305 1371 384 1438 filias
405 1375 540 1444 Atlantis
560 1375 687 1443 maximi
709 1314 939 1442 luissedicens.
982 1376 1055 1444 Nee
1071 1387 1199 1469 praeter
1225 1444 1226 1447 ,

62 1460 222 1526 rationem
243 1458 303 1526 ait:
346 1457 394 1524 Er
415 1462 592 1527 maximus
612 1460 720 1530 Atlas
747 1460 838 1526 bone
856 1471 1017 1547 generat.
1058 1460 1144 1530 Natu
1165 1475 1199 1531 et

63 1545 135 1632 ipse
157 1545 270 1612 borum
292 1542 452 1609 nominum
474 1546 573 1629 iilius,
607 1546 642 1614 id
664 1557 714 1612 est
733 1544 897 1614 Electram
917 1557 951 1613 et
970 1545 1240 1636 Majam,ba-1o
1267 1607 1271 1613 .

64 1631 144 1696 buit.
187 1627 283 1704 Quod
307 1638 421 1696 autem,
436 1631 606 1698 candidam
626 1631 671 1698 ait
690 1632 825 1720 Majam,
854 1630 897 1698 ad
918 1631 1040 1723 stellam
1060 1634 1199 1722 respicit.
1262 1682 1265 1686 ι

64 1716 152 1782 Nam
172 1714 258 1805 Maja
279 1714 361 1781 inter
382 1711 533 1802 Plejades
554 1727 621 1798 est,
642 1738 777 1804 querum
797 1734 863 1782 uus
882 1727 933 1785 est
953 1717 1155 1805 splendidior,
1251 1749 1255 1779 t

151 1802 182 1867 6.
228 1803 360 1889 Geryon
389 1814 520 1890 quoque
548 1822 605 1868 rex
639 1801 698 1868 luit
724 1802 918 1905 Hispaniae,
958 1802 1012 1889 qui
1038 1802 1114 1870 ideo
1143 1806 1199 1873 tri-
1266 1872 1269 1885 ,

66 1887 218 1952 membris
237 1886 387 1972 fingitur,
407 1889 482 1971 quia
501 1887 603 1956 tribus
624 1885 762 1977 praeluit
784 1886 909 1965 rosulis,
944 1909 1029 1974 quae
1051 1888 1200 1977 adjacent

67 1970 473 2058 Hispaniae,·Balearicae
492 1972 624 2067 majori,
645 1972 758 2038 minori
791 1982 823 2038 et
844 1972 1007 2059 Pityusae.
1048 1972 1241 2061 Fingiturno

66 2057 224 2124 babuisse
240 2079 352 2133 canem
375 2055 555 2163 bicipitem,
585 2056 660 2145 quia
688 2069 722 2124 et
746 2057 888 2138 terrestri
911 2067 952 2125 ,et
971 2058 1072 2123 navali
1094 2073 1199 2127 certa·
1250 2066 1263 2114 Ἀ
1299 2102 1305 2134 s

67 2144 153 2209 mine
196 2143 340 2209 lurimum
361 2152 473 2232 potmt
515 2145 615 2211 Hunc
633 2142 792 2210 Hercules
814 2142 905 2218 siclt,
936 2144 992 2229 qui
1009 2142 1084 2208 ideo
1104 2146 1200 2232 lingi-

66 2241 120 2294 tur
141 2166 194 2295 ed
207 2251 280 2296 eum
300 2227 361 2294 olla
382 2248 479 2297 aerea
501 2239 718 2309 transvectus,
753 2228 827 2316 quia
847 2227 958 2295 habuit
988 2251 1099 2319 norem
1129 2230 1200 2297 sor·
1302 2288 1307 2303 ,

65 2323 131 2381 tem
152 2325 187 2382 et
207 2336 283 2381 aere
302 2314 477 2382 munitium.
526 2314 710 2403 Charybdis
739 2316 835 2382 etiam
856 2311 1034 2381 seeundum
1061 2314 1200 2382 iabulsm

67 2399 186 2468 femina
207 2400 269 2467 fuit
289 2400 501 2468 voracissima.
556 2401 651 2476 Quae
677 2400 752 2489 quia
781 2401 878 2466 bores
894 2449 896 2453 -
903 2399 1055 2485 Herculis
1085 2403 1241 2487 rapuitat

66 2509 86 2550 a
102 2486 203 2553 dove
236 2486 401 2552 fulminata
432 2495 482 2553 est
516 2499 551 2556 et
581 2486 613 2551 in
643 2508 735 2551 mare
762 2483 983 2573 praecipitata.
1035 2485 1134 2552 Unde
1167 2499 1201 2556 et
1268 2545 1270 2550 .

67 2581 216 2639 naturam
228 2572 391 2659 pristinam
407 2582 522 2640 serrat.
562 2570 648 2638 Nam
664 2573 774 2638 sorbet
790 2570 947 2649 universa,
969 2580 1002 2640 et
1021 2571 1201 2659 secundum

68 2657 242 2724 Salustium
258 2658 351 2750 justa
371 2657 677 2725 Tauromenitanum
699 2672 740 2724 ea
767 2655 873 2744 egerit
890 2654 973 2730 litus.

150 2745 184 2811 i.
215 2742 364 2832 'Legitur
391 2746 500 2827 etiem,
518 2742 678 2811 Hercules
705 2765 780 2810 cum
806 2742 956 2829 armentis
985 2738 1114 2809 devicti
1133 2742 1200 2808 Ge-

66 2828 177 2916 ryonis
197 2828 230 2894 iu
248 2830 372 2898 Italiam
393 2831 532 2905 veniens,
555 2828 596 2894 ab
618 2828 770 2896 Evandro
790 2837 1045 2916 tunc'regnaute
1069 2827 1242 2902 tandemso

66 2924 259 3002 susceptus,
291 2937 391 3005 quum
412 2939 449 2983 se
469 2926 503 2982 et
523 2915 612 2982 ioris
632 2915 731 2982 libum
753 2913 903 2992 dixisset,
939 2923 972 2987 et
994 2925 1097 2989 morte
1119 2915 1201 2982 Caci
1232 2971 1236 2977 .

68 2999 218 3067 virtutem
237 3024 328 3070 suam
348 3005 534 3090 probasset,
553 3021 613 3089 pro
635 3001 762 3067 numine
782 2998 909 3065 habitus
931 3021 1018 3089 esse,
1046 3011 1080 3066 et
1101 3021 1199 3079 aram,

68 3105 156 3170 quae
176 3107 233 3153 uro
251 3087 388 3156 maxima
416 3086 503 3154 dicta
531 3098 597 3163 est,
633 3088 804 3162 meruisse,
837 3105 933 3171 quam
965 3083 996 3149 ei
1024 3083 1207 3172 Delphicus·

68 3170 182 3259 Apollo
204 3172 236 3239 in
265 3173 358 3241 Italia
386 3173 457 3239 iore
484 3169 696 3259 praedixerat
750 3169 862 3238 Primo
893 3179 1000 3236 tamen
1028 3181 1200 3321 susceptus

68 3279 134 3324 non
157 3267 215 3324 est
256 3255 351 3348 Apud
371 3259 508 3349 majores
529 3279 667 3347 namque
687 3279 764 3324 raro.
782 3254 942 3336 advenae,
972 3254 1032 3323 uisi
1048 3253 1102 3344 jus
1146 3272 1242 3324 css-³5

69 3343 138 3432 pitii
158 3342 330 3428 haberent,
364 3367 404 3417 eo
429 3339 517 3434 quod
537 3345 693 3412 incertum
715 3353 804 3424 erat,
837 3363 900 3431 quo
922 3339 1027 3407 animo
1049 3339 1201 3421 renitent,

69 3427 338 3517 suscipiebantur.
382 3433 553 3519 Quumque
582 3430 625 3497 de
643 3453 703 3497 suo
724 3439 867 3496 armento
896 3424 939 3492 ad
960 3448 1020 3492 sua
1043 3426 1199 3508 sacrificia
1265 3497 1269 3512 Ι

69 3513 232 3593 dedisset,
260 3516 386 3584 duobus
408 3517 536 3602 sepibus
556 3515 687 3583 Pinario
706 3526 740 3582 et
758 3510 895 3591 Potitio,
926 3510 1060 3599 qualiter
1080 3534 1116 3578 se
1138 3509 1200 3586 ooli

69 3600 182 3680 vellet,
216 3602 372 3685 ostendit,
405 3613 438 3670 et
456 3623 552 3668 mane
578 3602 637 3668 sibi
667 3622 706 3666 ac
734 3619 866 3687 vespere
893 3596 1083 3662 sacrificari
1092 3596 1199 3686 jussit.
1284 3640 1289 3655 ·

70 3686 226 3754 Perfecto
247 3689 355 3778 itaque
375 3688 530 3755 matutino
558 3687 732 3763 sacrificio,
764 3706 863 3773 quum
891 3680 978 3748 eirea
1007 3682 1082 3748 §olis
1098 3704 1241 3756 occa-40

71 3794 145 3839 sum
168 3784 275 3842 essent
295 3794 388 3842 sacra
408 3770 601 3865 repetenda,
620 3770 772 3840 ,Potitius
805 3769 893 3857 prior
921 3764 1069 3869 odvepit,
1101 3768 1199 3833 Pina·

69 3858 138 3927 rius
160 3862 284 3965 postea,¹
305 3859 386 3929 extis
402 3857 468 3950 jam
488 3857 631 3926 redditis.
673 3855 770 3924 Unde
787 3854 886 3920 iratus
901 3851 1058 3927 Hercules
1080 3855 1201 3933 statuit,
1253 3870 1272 3907 x·

70 3957 110 4011 ut
128 3944 332 4014 Pinariorum
354 3945 617 4029 iamilimtautum
637 3943 777 4010 ministra
800 3950 886 4006 esset
913 3938 1111 4041 episiantibus
1133 3938 1199 4005 Po-

69 4029 146 4098 titiis
177 4043 211 4098 et
239 4032 468 4121 complentibus
497 4053 602 4099 saera.
653 4028 749 4099 Unde
777 4037 810 4095 et
837 4024 958 4093 Pinarii
984 4023 1059 4090 dicti
1083 4034 1200 4090 sunta

70 4120 204 4185 Graeco
235 4115 400 4195 ulre,'id
427 4128 476 4185 est
503 4140 523 4183 a
534 4113 647 4205 fame.
687 4114 772 4182 Nam
801 4133 911 4180 senem
931 4102 1015 4176 illum
1037 4108 1263 4193 Pinariumss.

71 4203 134 4271 alio
158 4216 284 4273 constat
305 4204 430 4315 nomine
452 4208 676 4292 nuncupatum.
719 4200 807 4266 Hinc
823 4209 872 4264 est
891 4194 980 4285 quod
997 4195 1148 4294 Virgilius
1167 4195 1198 4261 io
