2632 4658
387 148 571 254 ausuaga
599 153 651 249 u.
713 152 803 229 rao.
823 155 927 245 reo,
1131 160 1226 241 =aas

92 334 339 408 innumerabiles
368 349 492 406 meatus
526 338 789 427 adirrigandam
814 365 905 409 suam
929 345 1118 431 provinciam
1142 347 1225 417 deri-

92 428 193 507 vavit,
236 442 359 514 suaque
398 446 538 513 expensa
574 427 704 493 avaritia
728 428 869 494 'fluvium
906 428 1039 497 fertilem
1077 432 1225 503 reddidit

92 511 184 580 Mida
210 511 294 577 enim
323 510 706 599 Graeceouasi--pa'pdtr
732 508 811 580 latnie
840 513 972 597 dicitur,
1002 516 1036 581 id
1064 516 1227 586 estnihil

90 598 216 663 sciens.
259 599 380 662 Avarus
413 594 496 662 enim
516 596 561 663 in
595 598 717 664 tantum
749 599 863 666 stultus
891 612 961 682 est,
993 614 1030 669 ut
1051 604 1145 669 etiam
1164 606 1223 673 sibi

89 680 246 771 prodesse
268 681 397 748 nesciat
509 716 512 721 ·
768 752 773 761 ,
1228 704 1247 752 o

176 848 274 929 119.
328 798 797 950 Certamun'N'eptuni
820 862 866 925 et
888 800 1133 932 lilincrvac.

178 982 287 1056 Quum
306 980 338 1045 in
359 976 518 1073 acropoli,
538 976 732 1047 Athenarum
745 1002 829 1069 arce,
852 980 1021 1071 Neptunus
1037 978 1222 1053 etMinerru

89 1066 134 1133 de
152 1068 281 1133 nomine
302 1064 496 1132 Athenarum
516 1063 761 1142 contenderent,
776 1066 899 1154 'placuit
918 1068 996 1149 diis,
1026 1081 1062 1136 ut
1080 1068 1159 1137 illius
1181 1094 1221 1137 ex

90 1150 220 1219 nomine
241 1152 348 1217 civitas
371 1148 548 1230 diceretur,
576 1149 629 1236 qui
657 1172 770 1217 munus
793 1152 903 1220 melius
924 1155 1107 1221 mortalibus
1128 1159 1222 1225 obtu-

90 1237 187 1307 lisset
238 1238 334 1327 'l'unc
361 1235 539 1323 Neptunus¹
553 1222 711 1384 pe'r'cu'sso
733 1260 806 1304 curn
827 1236 963 1317 tridente
984 1239 1075 1329 litore
1094 1240 1220 1330 equum,
1227 1260 1264 1313 lo

91 1320 207 1391 animal
227 1320 314 1391 bellis
334 1332 459 1411 aptum,
490 1343 549 1408 pro
576 1321 649 1387 usit.
690 1322 833 1393 Minerva
854 1324 1220 1413 jactata'basta'olivam

91 1408 228 1490 creavit3
284 1427 422 1473 naeres
449 1418 499 1473 est
529 1402 638 1473 melior
666 1410 901 1495 comprobata,¹
921 1420 954 1478 et
980 1412 1066 1498 pacis
1096 1411 1222 1510 insigne

89 1494 209 1561 habita.
286 1515 326 1558 ox
358 1491 466 1559 civitas
496 1490 680 1559 Athenae
708 1494 798 1581 quasi
818 1488 997 1582 ἀθανάτη,
1028 1494 1061 1561 id
1083 1506 1132 1565 est
1149 1510 1221 1573 'rm-

89 1577 264 1646 mortalis.
306 1578 410 1657 Hinc,
443 1575 516 1663 quia
545 1577 706 1643 Minervae
734 1601 847 1645 munus
872 1580 1045 1667 praelatum
1063 1591 1113 1649 est
1134 1580 1220 1647 duno

89 1663 248 1755 Neptunii,
276 1684 381 1729 ramus
403 1661 502 1727 olivae
524 1662 575 1728 eui
596 1664 745 1738 offertur,
773 1666 927 1732 offerente
948 1667 1056 1731 melior
1077 1690 1150 1733 esse
1165 1666 1262 1756 ju-15

90 1747 227 1815 dicatur.
268 1748 354 1814 Hinc
373 1759 423 1814 est
447 1747 646 1835 proverbium
668 1749 743 1814 illud
760 1748 901 1813 herbam
923 1750 982 1828 do,
1011 1751 1044 1816 id
1066 1764 1115 1821 est
1137 1751 1219 1817 cedri

88 1834 263 1901 victoriam.
296 1832 381 1900 Nam
402 1854 499 1920 quum
519 1833 553 1898 iu
575 1833 731 1919 agonibus
754 1833 862 1920 aliquis
875 1834 1017 1917 'herbam
1037 1836 1069 1902 in
1089 1837 1219 1919 modum

88 1919 215 2010 palmae
237 1917 294 1984 dat
311 1920 358 2000 ei,
386 1940 459 1984 cum
477 1939 541 2070 appo
562 1940 626 1982 non
649 1929 783 1985 conatur
801 1919 1015 1997 contendere,
1043 1943 1116 1987 eum
1133 1922 1219 2007 lale·

89 2019 143 2074 tur
170 2002 333 2077 meliorem
362 2026 441 2070 esse.
515 2002 578 2071 ittis
606 2015 711 2070 autem
740 2025 848 2069 ramus
870 2002 969 2070 olivae
992 2004 1156 2093 alligatur,¹
1183 2008 1219 2073 ut

87 2090 204 2157 inertia
233 2098 288 2156 aut
314 2088 508 2156 imbecillitas
541 2090 702 2157 offerentis
732 2086 927 2161 ostendittur.
969 2090 1094 2157 Scimus
1124 2088 1261 2165 enimse

87 2198 165 2244 oves
184 2168 287 2241 alieno
313 2196 438 2263 semper
458 2196 563 2277 egere
579 2175 700 2240 auxilio.
734 2174 879 2263 ,Equum
892 2184 1008 2254 autem,
1031 2198 1050 2241 a
1066 2174 1216 2265 Neptuno

71 2260 313 2351 progenitum,
334 2258 385 2325 alii
407 2258 557 2335 Scitmm,
578 2260 627 2324 alii
641 2260 832 2340 Chironem,
849 2259 907 2341 ab·
927 2260 1075 2327 Arionem
1097 2263 1217 2349 (quem

88 2346 244 2414 Adrastus
256 2344 288 2410 in
299 2342 458 2410 Thebano
477 2344 598 2433 proelio
617 2344 745 2430 habuit)
767 2343 877 2421 dicunt
889 2344 993 2423 'uisse
1016 2340 1216 2433 nominatuip.
1241 2344 1246 2359 '

87 2431 172 2499 Ideo
194 2442 301 2497 autem
330 2430 498 2518 Neptunus
526 2430 641 2497 dicitur
669 2452 785 2518 equum
813 2426 985 2512 invenisse,
1025 2432 1099 2518 quia
1127 2434 1216 2497 uelox

88 2528 140 2584 est
168 2516 236 2605 ejus
267 2538 382 2581 numen
409 2525 442 2583 et
462 2516 594 2597 mobile,
626 2515 708 2582 siout
736 2537 833 2579 maro.
876 2514 971 2580 Unde
991 2528 1024 2581 et
1045 2519 1162 2582 Castor
1184 2530 1258 2586 ctae

85 2601 220 2682 Pollux,
241 2601 315 2703 quie
337 2622 446 2668 eorum
469 2601 681 2671 velocissimae
700 2600 807 2669 stellae
828 2612 919 2682 sunt,
947 2623 1047 2689 equos
1066 2602 1098 2668 in
1118 2604 1218 2683 tutela

85 2688 210 2758 habere
229 2686 387 2754 dicuntur.
501 2751 503 2754 Α
735 2724 739 2731 -

485 2834 578 2918 reo.
631 2810 863 2923 nimos-j

172 2966 294 3052 Minos,
326 2964 413 3039 Jovis
440 2974 472 3039 e't
496 2971 649 3060 Europae
667 2974 767 3052 filius,
800 2992 896 3061 quum
918 2970 1153 3041 sacrificaturus
1172 2964 1215 3037 ad

86 3061 279 3159 aras-putris
302 3057 487 3137 accederet,
517 3061 616 3123 oravit
644 3061 828 3145 potentiam·
843 3058 993 3136 numinis,
1023 3069 1059 3124 ut
1081 3057 1258 3144 'dignalnac

40 3222 43 3227 .
85 3145 152 3213 aris
171 3134 237 3211 suis
258 3144 391 3210 hostiam
412 3143 481 3231 ipse
502 3144 678 3231 praeberet
726 3144 841 3231 Itaque
860 3142 968 3213 dubito·
986 3153 1096 3208 taurus
1118 3158 1216 3231 appu-

84 3230 151 3297 ruit
170 3229 264 3294 nimio
288 3227 428 3294 caudore
448 3228 612 3317 perfusus·
635 3229 740 3303 Quem
762 3242 859 3317 quarm
881 3226 1090 3295 admiraretur
1100 3228 1215 3306 Minos,

84 3314 250 3402 religionis
275 3314 408 3393 oblitus,
439 3314 571 3380 armenti
604 3315 653 3380 sui
680 3316 788 3383 maluit
812 3320 890 3382 esse'
912 3312 1094 3389 ductorem:
1125 3312 1216 3403 cujus

86 3402 184 3469 etiam
206 3397 323 3465 ardore
342 3398 519 3485 Pasiphae,
547 3398 731 3483 fitta'Sotis,
761 3418 841 3474 uxor
866 3398 1000 3477 Minois,
1026 3397 1150 3471 dicitur¹
1164 3413 1215 3469 ar·
1238 3417 1242 3425 ’

83 3486 176 3554 sisse.
222 3486 331 3573 igitur
359 3497 535 3552 contemtus
562 3486 708 3573 luppiter
734 3508 754 3549 a
782 3485 855 3549 filio¹
876 3484 1016 3549 furorem
1043 3488 1136 3549 tauro
1152 3484 1257 3554 ira-ss

83 3572 188 3648 misit,
220 3583 257 3638 ut
287 3572 487 3637 Cretensium
517 3592 580 3634 non
606 3571 706 3635 solum
733 3582 854 3655 agros,¹
879 3567 1099 3633 seducitersn
1121 3566 1214 3635 etia'm

83 3658 212 3724 moenia
240 3666 386 3723 vastaret.
428 3658 525 3721 Hunc
546 3655 719 3732 Hercules,
748 3655 859 3720 missus
883 3653 1054 3741 Eurysthei
1073 3655 1214 3742 imperio,

83 3741 262 3831 superarit,
301 3742 480 3828 victumque
513 3732 748 3828 Argaeusque
768 3739 930 3828 'p'eidunit
983 3740 1087 3812 Quem
1119 3744 1215 3827 quirum

82 3830 155 3895 Eur
176 3829 286 3895 stheus
315 3827 432 3893 Junoni
463 3849 654 3893 consecrare
686 3825 795 3907 vellet,
834 3826 918 3889 Juno
956 3847 1054 3893 exosa
1088 3847 1212 3903 munus,

84 3853 175 4003 quod
195 3911 237 3980 ad
258 3911 561 4012 Herculisgloriam
581 3910 777 4001 pertinebat,
802 3920 928 3977 taurum
954 3910 985 3975 in
1007 3910 1140 3987 Atticam
1163 3930 1256 3978 re-so

72 4002 215 4089 pionem
228 3996 352 4087 expulit,
366 4000 420 4065 ubr
431 4022 451 4063 a
464 4009 571 4081 monte
584 3998 651 4084 eius
662 3984 851 4064 Marathone
861 3996 922 4061 Ma
932 4016 974 4060 ra
984 3996 1055 4061 tho
1065 3996 1151 4060 nius
1164 4010 1213 4063 est

84 4086 282 4175 appellatus;
315 4106 409 4170 quem
425 4090 551 4172 'postea
583 4073 748 4159 Theseus,
779 4077 881 4170 Aegei
907 4080 1009 4161 filius,
1045 4076 1211 4169 interemit.

81 4172 152 4255 Sed
174 4170 216 4241 de
237 4169 395 4257 Pasiphae
417 4184 450 4238 et
465 4166 584 4237 eodem
605 4180 697 4239 tauro
718 4166 838 4259 plenius
859 4160 993 4271 dicatur.
1059 4268 1061 4272 Ι
1189 4258 1192 4263 Ι

891 4280 913 4345 8
934 4278 948 4309 tt
