2632 4658
301 978 746 1111 mancipamus
774 982 1058 1071 SECUNDUS.
1166 1040 1169 1045 «
1211 1040 1215 1046 -

535 1384 841 1501 Prooemium.
997 1410 1042 1503 “,.

201 1529 246 1609 lt,
278 1549 359 1617 quos
388 1526 507 1614 pagani
542 1524 622 1595 deos
654 1526 827 1594 asserendo
858 1538 1074 1610 recurantm‚-
1100 1527 1246 1601 homines

33 1620 37 1625 '
120 1613 193 1680 olim
212 1615 313 1682 -fuisse
333 1611 529 1702 produntur,
551 1623 586 1679 et
606 1612 932 1702 pro-uniuscujusque
958 1615 1026 1682 -rita
1053 1613 1106 1680 rel.
1128 1618 1259 1685 maritis

95 1700 228 1771 scolere
257 1723 314 1765 eos
331 1699 392 1763 isui
418 1709 492 1785 post
522 1711 656 1787 mortem
675 1710 867 1786 coeperunt3
897 1710 932 1767 ut
960 1722 978 1765 a
1002 1699 1046 1779 ud
1065 1702 1246 1790 Aegyptum
1287 1737 1293 1744 ·

98 1786 197 1869 (Isis.
220 1809 237 1850 a
263 1783 305 1850 ud
329 1784 460 1850 Cretam
481 1782 522 1848 Ju
547 1784 656 1873 pltat,v
678 1783 764 1870 apud
786 1786 915 1851 Mauros
940 1724 1042 1865 sula,
1074 1786 1162 1873 apurl
1183 1791 1251 1856 La-.

120 1874 198 1939 tium
217 1810 366 1949 alnon,
399 1868 485 1955 apud
550 1892 681 1937 omanos
703 1871 872 1950 Quirinus,
902 1895 921 1936 a
947 1871 1161 1938 ud-Atlrenas
1188 1875 1247 1941 Mi-

119 1979 234 2033 nerva,
257 1953 341 2043 apud
362 1956 492 2021 Samum
514 1955 617 2029 Juno,
638 1954 724 2043 apud
742 1954 883 2044 Paphios
930 1978 1026 2040 euos,
1047 1955 1134 2043 apud
1151 1958 1248 2027 Lem·

99 2074 102 2081 1
127 2043 195 2109 nios
218 2042 393 2119 Vulcanus,
414 2038 499 2143 apud
518 2040 638 2106 Naxios
659 2042 774 2120 Liber,
795 2041 880 2131 apud
903 2042 1013 2126 Delios
1031 2041 1152 2132 Apollo.

61 2192 66 2204 .
85 2150 122 2199 10
208 2128 245 2193 ln
268 2127 381 2214 quibus
402 2138 496 2191 ettam
517 2124 664 2191 laudibus
683 2139 888 2194 accesserunt
907 2140 1041 2216 poetae,
1064 2140 1104 2195 et
1119 2151 1249 2219 compo-

123 2213 188 2279 sitis
211 2213 402 2279 carminibus
420 2211 453 2277 in
475 2211 581 2276 caelos
603 2210 806 2278 sustulerunt.
848 2215 896 2278 ab
918 2214 1042 2280 acutus
1065 2225 1172 2282 autem
1195 2240 1249 2282 ro-

92 2364 96 2371 ,
124 2309 252 2379 cantur,
274 2308 308 2364 ut
330 2295 518 2375 Mercurius,
539 2296 612 2382 quia
633 2293 803 2361 mercibus
819 2297 1081 2385 praeest-Liber
1100 2321 1121 2364 a
1143 2298 1252 2377 Iiber-=

124 2395 208 2449 tote.
251 2384 397 2450 Fuerunt
419 2382 513 2448 etiam
542 2394 574 2449 et
594 2382 651 2447 riri
673 2380 788 2458 fortes,
818 2397 873 2450 aut
902 2384 1027 2464 urcium
1056 2382 1249 2477 conditores,

124 2469 236 2556 quibus
259 2469 389 2535 mortuis
417 2467 577 2547 homines,
608 2466 662 2554 qui
689 2488 746 2532 eos
771 2466 961 2547 dilexerunt,
994 2468 1159 2537 simulacra
1191 2473 1250 2539 fin-

82 2565 255 2635 lsxerunt,
279 2567 312 2620 ut
334 2554 489 2622 haberent
509 2552 636 2640 aliquod
658 2574 696 2617 ex
719 2553 893 2639 imaginum
915 2553 1250 2657 contemplationem

123 2641 241 2705 la'tium.
283 2639 349 2704 Hic
370 2659 461 2703 error
483 2640 634 2724 posteris,
656 2637 846 2706 daemonum
864 2642 1183 2729 persuasu‚·1rrepsit‚
1205 2654 1249 2722 ut,

125 2748 205 2813 quos
226 2725 268 2790 illi
288 2745 348 2811 pro
370 2723 437 2789 sola
456 2724 587 2789 nominis
603 2724 1014 2804 memoria'honoraverant,
1036 2728 1155 2814 posteri
1171 2727 1250 2795 deos

43 2831 44 2834 ’
125 2812 329 2876 aestimarent
347 2820 381 2875 et
405 2808 554 2876 colerent
598 2808 699 2874 Stoici
721 2808 847 2890 dicunt,
881 2833 943 2875 non
972 2832 1044 2876 esse
1073 2812 1131 2878 ni'si
1153 2836 1250 2880 unum

126 2896 222 2960 deum
244 2907 278 2962 ct
299 2916 392 2960 unam
414 2894 524 2973 (leam,
549 2893 727 2998 eademque
748 2917 819 2962 esse
840 2908 1013 2983 potestate;
1041 2896 1096 2983 qui
1118 2923 1179 2987 pro
1199 2923 1251 2969 ra-

82 2982 211 3050 25tioue
225 2981 402 3046 officiorum
420 2992 452 3046 et
467 2991 594 3046 actuum
609 2980 701 3047 varius
715 2982 890 3048 nominibus
907 2981 1111 3070 appellantur.
1141 2980 1252 3053 'Deum

126 3067 263 3133 eundem
284 3066 408 3144 Solem,
428 3065 564 3131 eundem
586 3066 756 3141 Liberum,
779 3067 915 3133 eundem
935 3066 1106 3152 Apollinem
1128 3083 1252 3141 vocant.

125 3153 207 3220 ltcm
226 3152 318 3217 deam
342 3150 475 3216 eandem
496 3151 640 3230 Lunam,
672 3151 805 3217 eandem
836 3153 992 3230 Dianam,
1024 3152 1158 3221 eandem
1188 3157 1252 3223 Ce-

125 3261 249 3318 rerem,
271 3235 406 3301 eandem
425 3237 602 3314 lunonem,
624 3234 757 3302 eandem
780 3237 1003 3325 Proserpinam
1023 3236 1140 3308 dicunt.
1182 3241 1252 3306 Nu-

13 3373 16 3377 .
126 3325 211 3389 mina
231 3335 338 3390 autem
358 3322 522 3411 utriusque
542 3343 637 3388 sorus
659 3321 912 3404 emendentur,
944 3321 1017 3389 ideo
1047 3325 1120 3411 quia
1147 3325 1252 3395 incor-

84 3425 226 3500 aoporea
246 3419 329 3479 sunt.
1019 3430 1029 3451 ·

503 3575 540 3651 l.
595 3550 872 3653 Sat⁴uruus

213 3704 369 3778 Saturnus
398 3705 490 3793 Caeli
515 3704 732 3797 rel-Polluris
759 3705 858 3784 filius,
896 3708 975 3797 Opis
1003 3708 1134 3776 maritus
1162 3709 1267 3788 deae·

129 3799 244 3876 senior,
266 3796 368 3863 velato
391 3794 506 3879 capite,
529 3791 640 3856 sulcem
664 3791 768 3857 serens
783 3792 931 3882 pingitur.
977 3794 1135 3861 Saturnus
1156 3796 1166 3860 i
1194 3796 1256 3862 itur

130 3887 192 3950 vim
214 3884 302 3949 Jovis
324 3881 436 3948 timens
466 3880 514 3942 ab‘
528 3877 664 3966 Olympo
694 3879 773 3963 luga
804 3878 929 3978 lapsus.
964 3881 1084 3968 primus
1112 3881 1144 3945 in
1165 3818 1257 3947 ltalia

89 3992 266 4057 asrognum
288 3964 438 4043 obtinuit3
462 3984 565 4049 genus
587 3962 724 4027 indocile
753 3965 974 4051 montibusque
996 3964 1182 4053 dispersum,
1211 3966 1258 4030 le-

132 4080 192 4142 ges
215 4046 339 4130 (lando,
362 4048 790 4137 composuit312atiumquc‚
812 4050 886 4134 quia
907 4061 994 4115 tutus
1015 4051 1058 4115 ibi
1080 4050 1259 4125 latuisset,

131 4141 269 4206 locavit:
300 4136 386 4204 unde
412 4145 445 4201 et
467 4132 568 4198 velato
589 4133 692 4220 capite
712 4134 800 4219 quasi
821 4134 935 4198 latens
956 4136 1106 4222 pingitur.
1158 4137 1258 4202 Hune

132 4240 257 4310 autem,
280 4225 353 4313 quia
373 4242 432 4310 per
454 4240 598 4287 annonae
620 4220 898 4307 praerogationem
921 4221 1055 4308 populos
1077 4217 1119 4286 ad
1140 4244 1177 4289 ae
1194 4212 1266 4289 tra-¹
