2616 4658
273 833 722 966 uurnocnaeuus
763 841 975 920 usurus.
1066 857 1073 871 ’

498 1168 667 1236 Lranu
717 1167 744 1243 Ι.

421 1415 460 1493 1.
514 1379 867 1496 Prometheum
935 1446 939 1472 ³

143 1532 356 1616 Prometheus
376 1559 451 1635 post
472 1546 576 1617 factos
598 1570 618 1616 a
639 1571 675 1617 se
703 1547 847 1629 homiues
869 1545 985 1617 dicitur
1005 1545 1119 1625 auxilio
1138 1545 1201 1614 Mi-

55 1658 176 1705 nervae
206 1634 328 1702 caelum
362 1630 561 1715 ascendisse3
597 1632 668 1724 qui,
699 1633 841 1702 adhibita
877 1633 984 1717 facula
1021 1632 1064 1702 ad
1098 1645 1226 1711 rotam5

56 1724 149 1803 solis,
169 1722 278 1808 ignem
298 1721 420 1785 furatus
437 1730 503 1796 est,
525 1739 620 1807 quem
643 1719 822 1786 hominihus
841 1719 1001 1789 indicavit.
1036 1721 1091 1787 Oh
1107 1741 1203 1808 quam

25 1831 126 1876 ‘rem
156 1808 227 1874 irati
249 1806 292 1871 dii
312 1804 378 1870 duo
402 1803 485 1869 mala
501 1805 699 1903 immiserpnt
717 1805 830 1884 terris,
859 1804 965 1872 febres
994 1815 1028 1872 et
1057 1805 1203 1884 maciem,

55 1892 92 1960 id
114 1907 171 1960 est
198 1893 338 1957 morbos.
381 1887 490 1976 Ipsum
520 1912 650 1978 quoque
674 1890 904 1958 Prometheum
926 1910 985 1978 per
1006 1890 1212 1956 Mercurium¹

54 1981 91 2044 in
109 1981 390 2045 Caucasomonte
413 1973 588 2060 religarunt
610 1973 652 2040 ad
671 1997 794 2054 saxum,
816 1973 958 2043 adhibita
975 1975 1072 2042 etiam
1087 1975 1203 2062 aquila,

54 2087 143 2152 qnae
165 2083 222 2128 cor
243 2060 311 2149 ejus
333 2056 494 2126 exederet.
535 2059 631 2127 Haec
652 2070 758 2128 autem
779 2058 885 2126 omnia
904 2073 968 2126 non
987 2061 1056 2129 sine
1077 2062 1243 2133 rationare

55 2153 231 2237 tinguntur.
274 2144 357 2213 Nam
384 2143 599 2212 Prometheus
630 2145 689 2212 vir
706 2143 971 2235 prudentissimus
1004 2145 1080 2226 suia
1115 2146 1202 2213 un'de

57 2246 93 2302 et
122 2233 242 2324 primus
275 2228 483 2332 astrologiam
512 2230 650 2322 Assyriis
672 2230 844 2311 iudicarim*
872 2242 968 2320 quam
998 2230 1140 2320 residens
1169 2233 1202 2298 in
1274 2284 1287 2294 ,.

10 2374 12 2383 .
56 2321 208 2388 Caucaso
237 2329 347 2385 monte
375 2315 469 2383 mmia
499 2337 578 2383 cura
602 2315 900 2407 comprehenderat.
944 2317 1072 2386 Dicitur
1093 2329 1202 2387 autem

57 2429 77 2472 a
101 2405 163 2473 uila
190 2425 248 2472 cor
268 2403 337 2492 ejus
360 2399 517 2484 exedere;
544 2402 632 2490 quod
655 2414 705 2472 est
725 2402 820 2471 nimia
842 2401 1037 2489 sollicitudo,
1067 2426 1131 2492 qua
1150 2402 1201 2471 ille

57 2429 193 2575 allectus
220 2486 363 2557 siderum
391 2508 501 2554 omnes
528 2501 635 2557 motus
667 2486 932 2578 deprehenderat
973 2489 1020 2557 Et
1040 2489 1104 2556 hdo
1125 2489 1242 2580 quiaro

55 2599 117 2667 per
137 2574 338 2668 prudentiam
359 2573 452 2667 fecit,
482 2571 567 2640 duee
594 2574 776 2657 Mercurio,
804 2575 858 2665 qui
883 2573 1074 2662 prudentiae
1096 2585 1129 2643 et
1148 2597 1201 2643 ra-

55 2662 151 2731 tionis
174 2661 342 2740 deusest,
375 2656 418 2725 ad
440 2680 551 2726 sarum
573 2657 690 2729 dicitur
711 2666 785 2731 esse
801 2660 966 2748 religatus.
1009 2660 1200 2751 Deprehen-

56 2747 105 2818 dit
132 2759 299 2838 praeterea
333 2745 490 2824 rationem
526 2742 708 2829 fulminum,
749 2759 782 2816 et
818 2745 999 2815 hominibus
1032 2745 1200 2827 indicavit;

55 2825 144 2901 unde
167 2833 340 2901 *caelestem
367 2831 476 2919 ignem
509 2827 624 2898 dicitur
652 2855 724 2901 esse
753 2832 886 2902 furatus.
941 2831 1026 2899 Nam
1060 2831 1200 2921 quadam

18 2928 21 2933 “
56 2932 144 2999 arte,
167 2916 354 2986 abeodem
388 2926 582 2996 monstrata,
604 2940 760 3007 supernus
787 2919 871 3006 ignis
900 2916 973 2986 olim
1002 2917 1241 2999 eliciebatur‚20

37 3005 112 3094 .qui
134 3004 317 3072 mortalibus
339 3000 476 3092 proluit,
498 2999 708 3072 donechene
731 3027 770 3073 co
793 3007 842 3073 usi
861 3015 944 3074 sunt
980 3003 1065 3071 Nam
1086 3018 1199 3094 postea

55 3091 140 3184 malp
161 3090 323 3158 hominum
349 3094 419 3155 usu'
438 3088 470 3154 iu
492 3087 663 3175 perniciem
694 3108 804 3160 uersus
832 3104 890 3161 est.
935 3088 1027 3157 Sicut
1052 3091 1084 3155 in
1106 3089 1199 3156 Livio

54 3177 174 3254 lectum
196 3187 246 3244 est
259 3175 309 3242 de
330 3172 601 3252 Tullo-Hostilio,
649 3176 681 3244 ui
699 3176 778 3244 ideo
801 3177 869 3266 igni
894 3187 1025 3243 exustus
1047 3185 1097 3243 est
1125 3199 1199 3243 cum

56 3262 203 3329 omnihus
232 3261 307 3328 suis.
350 3261 438 3327 Hinc
459 3271 527 3337 est,
543 3199 649 3361 ,qnod
678 3262 755 3368 igne
774 3275 868 3354 rapto
890 3262 931 3331 ah
952 3260 1041 3330 iratis
1064 3261 1198 3330 numini-

54 3351 117 3416 bus
139 3348 269 3416 morbus
289 3343 608 3414 hominihus-dicutur
629 3347 797 3418 immissus.
1201 3355 1238 3407 25

291 3514 332 3591 2.
385 3519 625 3619 Neptunus
663 3528 708 3593 et
744 3516 964 3594 Minerva.

24 3712 32 3738 ‚
139 3651 248 3726 Quum
275 3644 446 3735 Neptunus
471 3656 503 3713 et
522 3644 667 3712 Minerva
686 3642 730 3713 de
749 3643 944 3715 Athenarum
966 3648 1093 3718 nomine
1116 3669 1194 3717 oon-

13 3772 16 3777 ·
54 3733 240 3814 tenderent,
277 3731 396 3822 placuit
423 3730 502 3811 diis,
540 3743 578 3801 ut
608 3730 677 3822 ejus
705 3729 832 3796 nomine
860 3733 1111 3823 appellarentur,
1139 3734 1195 3825 qui
1247 3785 1252 3800 .

25 3866 30 3871 -
52 3843 168 3888 munus
183 3818 294 3888 melius
310 3815 496 3887 mortalibus
517 3816 696 3885 obtulisset.
726 3814 824 3883 ,Tunc
844 3816 1014 3911 Neptunus
1037 3842 1193 3911 percusso
1288 3872 1290 3881 ,

51 3906 303 3995 litorerequum
325 3903 440 3973 animal
461 3901 550 3970 hellis
572 3914 699 3991 aptum,
719 3905 908 3991 procreavit.
943 3906 1085 3975 Minerva
1101 3907 1236 3997 jacta³0

49 3993 145 4079 hasta
164 3992 266 4061 oleam
281 3990 418 4071 crearit3
462 4010 523 4055 uae
544 4009 597 4056 res
618 3998 669 4056 est
683 3987 795 4056 melior
809 3993 1028 4082 comprobata,
1049 4003 1084 4061 ut
1103 3993 1192 4081 pacis

50 4078 188 4166 insigne.
236 4076 335 4145 Unde
361 4098 400 4144 ex
415 4157 422 4165 ..
464 4095 592 4142 merrae
613 4073 758 4162 nomiae,
789 4099 874 4166 quae¹
894 4080 1023 4150 Graece
1050 4074 1191 4165 Ἀθηνᾶ
1250 4163 1251 4166 ¹

50 4163 187 4258 dicitur,
218 4164 361 4251 Athenae
382 4159 489 4251 dotas
510 4170 592 4230 sunt.
878 4192 880 4196 >
914 4167 917 4170 ”
1092 4189 1094 4193 ·

612 4274 856 4365 ,ιη
