2632 4658
48 166 53 171 ·
138 150 204 266 uc*
426 83 608 253 numaga.
636 151 669 226 1.
728 150 987 231 aaa-aaa.

139 337 297 406 dixerunt
338 334 494 405 Habitant
522 346 630 403 autem
656 334 794 405 insulam·
817 337 1012 407 Electridem
1037 339 1103 408 sire
1125 338 1278 418 Febrem

140 431 224 512 qua'e
244 436 294 491 est
313 419 518 508 hnudlonge
537 443 559 487 a
578 419 729 491 Calabria
748 422 781 489 in
803 436 978 513 conspectu
992 424 1193 493 Tarentinae
1207 426 1279 493 ciri·

83 532 87 537 ’
141 510 226 588 tatis.
269 507 355 583 Quin
384 516 418 572 et
445 503 497 571 de.
515 504 564 572 hia
586 506 696 592 aribus
717 505 853 599 dicitur,
886 508 973 598 quod
994 512 1129 579 Graecia
1148 511 1277 578 naribus

141 594 245 697 laetae
265 600 455 674 occurrant,
481 589 614 662 Latinas
639 593 844 663 vehementer
864 595 1006 684 fugiant,
1037 618 1199 667 memores
1218 596 1278 665 ori·

116 702 226 769 ngrnrs
245 700 335 746 snae.
1210 724 1217 737 ,
1278 706 1282 711 ·

199 867 535 981 mananseo
569 869 725 947 insula
769 879 813 946 et
850 842 1098 973 Nauplius,
1140 872 1223 950 Pa·
1314 867 1316 871 ¹

521 971 711 1048 lamedis
747 984 891 1074 pater.

224 1078 362 1167 Euboea
376 1101 484 1170 insula
504 1112 571 1184 est,
592 1103 708 1192 inqua
733 1123 825 1168 mons
849 1098 1054 1191 Caphereus,
1075 1099 1163 1168 circa
1184 1122 1278 1191 quem
1310 1145 1316 1164 .

104 1266 106 1275 Ι
143 1185 262 1251 Graeci
309 1188 413 1253 eriere
433 1187 625 1275 naufragi03
661 1187 735 1276 qnia
763 1186 936 1276 Nauplius,
963 1184 1147 1253 Palamedis
1176 1200 1277 1277 pater,

100 1268 254 1340 10dolens
273 1209 371 1337 lilium
388 1268 484 1339 ‘laium
507 1273 646 1341 factione
667 1282 844 1347 mortuum,
865 1294 962 1359 quum
982 1270 1112 1339 vidisset
1132 1274 1276 1341 Graecos

141 1367 338 1443 tempestate·
361 1356 525 1439 laborare,
554 1370 696 1426 montem
719 1356 923 1447 Caphereum
950 1354 1111 1436 ascendit,
1141 1368 1178 1425 et
1198 1358 1277 1426 elatu
1314 1428 1316 1433 Α

37 1497 41 1503 ,
140 1440 245 1506 facula
265 1441 392 1528 signum
414 1442 502 1512 dedit
518 1444 608 1510 vicini
629 1455 750 1531 portus.
793 1442 903 1517 Quare
919 1442 998 1513 dece
1021 1442 1044 1508 ti
1060 1452 1133 1510 sunt
1147 1444 1276 1528 Graeci,

140 1537 174 1592 et
197 1525 280 1594 inter
300 1528 491 1616 asperrimos
512 1528 661 1618 scopulos
682 1527 894 1617 naufragium.
906 1550 947 1619 pe
1011 1539 1113 1597 erunt.

165 1782 168 1792 .
263 1801 266 1805 .
311 1711 418 1791 Mb.
472 1700 579 1789 Alia
615 1714 798 1791 Euboea
836 1726 881 1791 et
911 1696 1099 1793 Cumae.¹

99 1857 135 1907 15
227 1839 365 1908 Euboea
382 1841 459 1910 item
481 1840 583 1911 insula
602 1853 668 1927 eat,
697 1838 745 1909 dc⁴
764 1842 854 1933 cnjus
875 1845 1001 1914 civitate
1021 1841 1179 1909 Chalcide
1199 1864 1277 1933 prae

142 1926 220 1992 secti
250 1939 325 1995 sunt
355 1926 399 1994 ad
426 1949 524 1996 novas
557 1925 652 1994 sedes
668 1928 904 2017 ‘quaerendam
943 1942 977 1997 et
993 1977 996 1981 -
1012 1927 1099 1994 haud
1129 1929 1230 2016 longe
1257 1952 1276 1995 a

139 2013 228 2101 Bajis
285 2012 338 2102 qui
365 2012 454 2077 locus
484 2035 504 2079 a
531 2013 619 2079 socio
648 2011 748 2080 Ulixis
776 2015 877 2103 Bajo,
906 2013 968 2081 illic
987 2013 1128 2101 sepulto,
1162 2036 1276 2081 nomen

139 2098 265 2186 accepit
304 2099 491 2165 invenerunt
512 2120 646 2165 vacuum
668 2097 757 2178 litus,
786 2100 866 2178 ubi,
889 2100 954 2166 visa
979 2098 1112 2165 muliere
1131 2099 1276 2185 gravida,

140 2183 297 2250 civitatem
326 2181 556 2264 condideruut;
591 2206 680 2339 guae
709 2206 762 2250 res
790 2183 960 2252 secundam
987 2181 1196 2261 ostendebat·
1209 2185 1276 2251 lore

96 2289 208 2370 aorem
231 2267 473 2423 ppbliopipeet
498 2290 571 2335 eam
616 2292 720 2338 umas
740 2281 920 2353 coemunt,
937 2270 1004 2338 aive
1024 2294 1045 2338 a
1064 2282 1276 2359 praegnante,

138 2377 204 2424 sne
226 2377 245 2422 a
288 2376 331 2421 nn

354 2524 469 2617 Mb.
521 2520 732 2627 Melager
764 2538 809 2601 et
842 2527 1040 2603 Oeneus.
1075 2611 1089 2637 x

27 2662 28 2669 ’
96 2694 108 2706 u
222 2658 374 2739 Oeneus,
395 2670 488 2748 pater
508 2654 614 2748 'l'ydei
633 2666 670 2722 et
690 2653 866 2742 Meleagri,
885 2654 1077 2724 Parthaonis
1097 2656 1199 2736 fiius,
1220 2676 1277 2724 rex

139 2742 299 2824 Aetoliae,
322 2745 411 2834 cnjus
433 2744 541 2810 civitas
562 2754 611 2808 est
633 2740 780 2829 Calydon
799 2740 999 2821 nobilissima.
1033 2744 1098 2809 Hic
1119 2764 1277 2810 summam

11 2862 14 2869 2
96 2839 331 2914 25potestatem
344 2836 347 2841 '
360 2830 453 2917 regni
483 2831 529 2896 sui
558 2826 697 2915 turbarit
715 2825 922 2913 neglegentia
946 2850 1120 2896 sacrorum.
1163 2832 1276 2894 Annua

11 2922 18 2931 ‘
139 2913 297 3002 siquidem
317 2926 391 2982 rota
411 2936 470 3007 pro
492 2912 614 3000 imperii
636 2911 791 2978 fructibus
813 2912 994 2989 celebrans,
1015 2912 1276 2981 numen'Diauae

138 3000 322 3081 contemsit3
347 3013 478 3091 propter
497 3001 585 3091 cujus
610 2997 736 3063 nimiam
757 2995 1008 3084 indignationem
1028 3024 1048 3065 o
1092 3020 1200 3068 resana
1219 3009 1277 3076 eat,

96 3140 99 3147 .
137 3096 174 3151 ut
195 3086 356 3153 videretur
373 3108 483 3153 omnes
503 3087 707 3175 placaturus,
735 3081 761 3149 si
783 3082 865 3149 illam
885 3082 1026 3151 salama
1071 3095 1184 3151 resset.
1225 3083 1276 3150 Ee

138 3192 249 3259 aprum
281 3194 424 3239 summae
454 3168 678 3257 magnitudinis
711 3168 835 3254 regioni
866 3168 1008 3250 immisit;
1051 3171 1105 3259 qui
1136 3179 1276 3235 vastator

92 3253 461 3342 aoCalydoniae-terrae
483 3258 524 3331 ab
545 3254 632 3322 urbis
652 3266 755 3338 gente
777 3264 826 3320 est
847 3253 1028 3340 appellatus.
1075 3252 1179 3322 (ln'us
1209 3253 1276 3319 Oe*-

136 3360 215 3408 neus
246 3343 371 3409 feritate
402 3344 541 3420 fractus,
575 3338 715 3409 edietum
743 3335 807 3405 tale
834 3341 1019 3425 proposuit,
1051 3350 1086 3408 ut
1114 3278 1275 3405 dimidiam

5 3438 21 3448 '
136 3427 231 3515 regni
252 3440 376 3516 partem
392 3438 540 3516 caperet,
572 3424 626 3513 qui
656 3433 833 3489 monstrum
858 3422 1077 3491 interemisset
1117 3423 1223 3489 Melea
1265 3423 1274 3441 ⁰

136 3513 233 3579 virtus
254 3513 430 3601 periculum
451 3533 515 3578 non
538 3508 670 3600 expavit.
715 3506 881 3596 Siquidem
901 3510 971 3598 ipse
992 3510 1059 3601 ejus
1080 3506 1165 3576 filius
1183 3530 1228 3574 un
1250 3509 1276 3561 “-

136 3620 200 3685 que
216 3597 413 3685 juventutem
435 3596 598 3665 collectam
621 3592 664 3660 ad
691 3593 775 3661 illam
797 3594 867 3659 nori
889 3594 1019 3683 generis
1042 3592 1274 3683 expeditionem

94 3685 270 3762 35vocavit
316 3684 405 3752 Inter
433 3706 514 3772 quos
545 3682 690 3769 Atalante
724 3680 887 3759 convenit,
927 3681 1001 3747 Iasii
1034 3679 1113 3759 filia,
1149 3686 1275 3746 summa

137 3769 297 3848 venatrix3
327 3788 410 3856 quae
437 3770 470 3834 in
496 3768 641 3835 saltibus·
655 3765 757 3852 prima
785 3765 923 3832 omnium
944 3765 1181 3853 praedictuma
1204 3787 1274 3830 rum
1301 3782 1306 3793 ·

134 3855 256 3939 sagitta
285 3853 449 3940 percussit.
491 3854 613 3920 Postea
644 3849 809 3936 Meleager
839 3852 1015 3918 venientem
1045 3851 1076 3916 in
1105 3872 1143 3916 se
1186 3872 1274 3916 eram

136 3940 260 4026 excepit
277 3938 514 4041 interemitque3
546 3950 579 4005 et
597 3947 715 4025 gratus
730 3935 885 4003 adversus
906 3935 1061 4024 puellam,
1086 3956 1170 4084 apiae
1191 3937 1274 4002 inter

136 4025 220 4090 viros
247 4046 401 4093 successu
428 4023 549 4091 virtutis
579 4024 753 4103 enituerat,
787 4020 901 4109 pellem
929 4022 1060 4089 monstri
1089 4020 1170 4106 ilius
1200 4045 1273 4088 eum

15 4119 21 4135 ’
95 4109 244 4197 accepite
264 4108 306 4175 ad
328 4108 428 4176 laudis
448 4109 527 4175 illius
549 4107 761 4176 testimonium
788 4106 819 4172 ei
840 4104 938 4173 dedit
980 4106 1016 4172 Si
1037 4127 1167 4185 munus,
1201 4129 1273 4196 per-

93 4266 96 4273 ,
137 4207 245 4264 actum
274 4195 474 4283 fortitudine,
509 4192 624 4265 invidia
655 4189 802 4283 perdidit.
854 4190 1025 4281 Plexippus
1065 4214 1209 4280 namque
1244 4202 1273 4258 et
