2632 4658
876 42 1010 89 ,Ἡ

116 150 239 259 'aaa'
396 217 401 231 ι
457 181 640 284 myusgs.
669 181 741 256 111.
794 177 836 252 a.
888 173 983 269 aa„
1039 168 1042 173 ⁴

112 455 114 458 .
140 369 238 438 Unde
259 380 292 435 et
311 368 429 436 bestias
449 348 624 455 quaslibet,
646 363 792 434 volucres
812 377 845 434 et
864 364 993 449 fluvios,
1021 384 1102 432 saxa
1122 370 1158 431 et
1178 362 1266 428 arho

141 479 193 523 rcs
216 455 330 522 dicitur
351 453 494 519 movisse.
547 452 604 519 Sic
620 453 794 555 Amphion,
831 450 1019 518 Thebarum
1040 446 1205 528 conditor,
1239 458 1268 514 et

141 543 211 631 ipse
247 539 386 606 oratoria
421 537 572 604 facultate
604 538 752 618 eximms,
797 547 893 602 cantu
920 534 1057 623 lapides,
1095 544 1131 601 ut
1164 544 1268 620 sponte

145 632 297 695 coeuntes
315 645 438 689 murum
462 624 673 702 conficerent,
704 623 835 710 fingitur
855 621 1005 701 illexisse3
1038 618 1126 708 quod
1143 617 1268 721 stupidis

28 734 36 752 t
121 722 240 778 santea
272 709 450 803 hominibus
484 719 517 775 et
536 707 619 797 juris
652 708 772 810 ignaris
810 705 1040 855 dispersimque
1073 704 1268 791 degentibus,

59 844 63 859 .
146 809 181 863 nt
202 795 413 872 convenirent,
434 791 564 859 civiliter
585 803 785 860 conviverent
805 805 837 860 et
861 793 904 859 ad
925 795 989 880 pub
1001 792 1082 855 icam
1112 789 1268 879 tuitionem
1303 840 1311 868 ,

144 881 269 953 moenia
304 890 543 958 construerent,
580 879 727 944 melliflua
756 879 900 945 oratione
930 875 1134 966 persuaserit.
1192 876 1268 940 Sane
1306 927 1316 949 ,,

117 967 295 1054 „Orpheus
327 966 460 1051 optima
488 985 555 1027 vox
581 965 821 1051 interpretatur,
858 962 901 1028 de
934 985 998 1050 quo
1026 961 1110 1027 hanc
1140 959 1268 1027 fabulam
1311 1013 1316 1040 ,

147 1053 341 1139 confingunt.
392 1048 544 1134 Orpheus
570 1049 753 1139 Eurydicen
783 1048 964 1151 Nympham
985 1047 1116 1135 amavit,
1145 1064 1268 1133 eamque
1302 1096 1316 1125 ,-

95 1154 226 1211 '1osono
248 1136 389 1201 citharae
409 1133 568 1211 mulcens,
600 1156 731 1200 uxorem
754 1131 853 1200 duait.
895 1133 1000 1213 Quam
1021 1131 1097 1197 dum
1118 1131 1268 1197 Aristaeus
1300 1164 1314 1214 q,

147 1234 256 1311 pastor
287 1241 396 1285 amans
425 1230 631 1305 sequeretur,
668 1220 793 1308 fugiens
826 1219 857 1283 in
887 1227 1068 1305 serpentem
1103 1215 1216 1282 incidit
1238 1224 1269 1285 ,et
1302 1268 1316 1289 „

21 1366 26 1373 „
146 1318 273 1374 mortua
303 1316 360 1371 est.
418 1302 556 1393 Propter
594 1306 677 1370 hanc
699 1302 844 1371 ⁴maritus
879 1304 921 1370 ad
951 1302 1070 1369 inferos
1104 1296 1269 1377 descendit,

146 1393 317 1481 legemque
353 1388 494 1489 accepit,
537 1410 578 1453 ne
611 1413 681 1456 eam
722 1411 893 1456 conversus
935 1388 1122 1489 respiceret
1177 1386 1270 1461 Qum
1300 1407 1308 1469 p

145 1497 320 1549 ¹conversus
343 1496 378 1538 as
400 1473 517 1550 icrens,
544 1476 658 1541 iterum
679 1473 826 1564 perdidit.
866 1474 961 1540 Haec
984 1471 1092 1538 tabula
1115 1470 1193 1537 artis
1214 1490 1269 1536 mu·
1301 1524 1305 1553 ,

107 1563 236 1633 rasicae
255 1560 342 1647 juxta
393 1557 567 1644 algentium
588 1557 766 1647 designatio
789 1570 846 1626 est
890 1558 1040 1646 Orpheus
1055 1555 1170 1622 enimc
1197 1556 1271 1619 time
1301 1576 1316 1626 ·.

149 1669 233 1725 vox,
261 1641 468 1722 ut'diximos,
491 1642 741 1732 ,interpretatum
772 1641 926 1710 Euridice
944 1641 1126 1731 pressanda
1147 1578 1272 1726 alladi-
1313 1705 1316 1714 ,

149 1730 250 1795 cotio.
292 1729 388 1795 Hanc
408 1727 576 1815 Orpheus,
606 1729 638 1795 id
660 1742 709 1797 est
729 1730 827 1817 quivis
850 1730 991 1796 musicae
1012 1748 1144 1814 operam
1163 1726 1271 1812 impen-
1304 1779 1305 1801 ,

90 1873 94 1881 .
150 1814 246 1894 dens,
279 1813 339 1889 sibi
361 1813 512 1902 conjungi
540 1824 628 1900 optat
658 1826 690 1883 et
712 1816 832 1882 cithara
852 1813 987 1881 illectam
1015 1812 1104 1878 ducit
1133 1830 1272 1889 uxorem3
1302 1846 1307 1896 q

150 1901 225 2050 quia
245 1900 298 1988 qui
318 1899 459 1964 musicae
480 1897 606 1981 studet,
640 1901 698 1967 nisi
719 1902 923 1967 secretiorem
944 1898 1020 1965 artis
1034 1898 1133 1985 ipsius
1154 1894 1272 1987 prolqn'·
1305 1950 1316 1973 ,

109 2010 145 2058 20
173 1985 283 2052 itatem
320 1983 586 2072 comprehendit,
622 1987 762 2053 musicus
800 2007 871 2052 esse
901 2006 962 2050 non
992 1993 1114 2071 potest,
1149 1980 1273 2066 ideoque
1305 1985 1316 2052 ’,

152 2095 223 2137 eam
245 2071 358 2136 crebra
375 2070 408 2134 et
431 2069 602 2137 artificiosa
630 2072 715 2137 vocis
743 2068 957 2136 modulatione
989 2066 1118 2135 tandem
1146 2064 1273 2153 assequi·
1306 2132 1307 2139 ,

121 2185 124 2196 ¹
152 2170 213 2222 tur.
270 2155 363 2220 Haec
385 2175 459 2220 vero
481 2154 632 2221 scientiae
653 2155 787 2223 altitudo
809 2167 961 2244 quantum
982 2154 1022 2219 ab
1043 2152 1172 2242 optimis
1201 2157 1274 2216 ama·

152 2253 224 2317 tur,
268 2239 350 2304 sicut
388 2240 428 2302 ab
466 2239 609 2305 Aristaeo
644 2238 798 2331 (ἄριστον
832 2240 914 2305 enirn
956 2240 1084 2304 Graece
1115 2235 1277 2324 optimum

154 2322 305 2409 dicitur),
336 2334 458 2399 tantum
482 2324 734 2392 communionem
756 2325 915 2392 hominum
937 2325 1056 2404 renuit,;
1089 2322 1204 2408 sicque
1222 2340 1286 2386 ser·-

82 2408 256 2499 ,espancis
276 2409 341 2475 ictu
374 2409 524 2490 moritur,
558 2411 632 2497 quia
659 2410 773 2478 nimiae
800 2410 976 2478 subtilitatis
1007 2431 1085 2475 snae
1111 2407 1279 2493 intercepta

154 2493 303 2571 secretis,
335 2493 418 2561 velut
441 2494 482 2560 ad
504 2495 622 2562 inferos
646 2497 859 2583 transmigrat.
903 2494 969 2561 Sed
989 2503 1060 2581 post
1081 2493 1167 2558 hanc
1186 2506 1301 2558 arten

155 2578 379 2666 exquirendam
402 2591 498 2668 atque
516 2579 698 2648 elevandam
728 2605 787 2647 vox
816 2602 934 2647 canora
965 2577 1151 2656 descendit,
1190 2590 1224 2643 et
1250 2596 1279 2639 nc

65 2732 69 2741 ,
157 2688 227 2731 eam
252 2665 417 2751 respiciat,
453 2667 654 2750 prohibetur,
692 2676 724 2732 et
744 2667 819 2733 dum
841 2666 942 2745 ridet,
981 2664 1101 2730 amittit.
1152 2660 1280 2726 Namet
1312 2698 1314 2721 .

157 2749 404 2837 perfectissimus
431 2750 635 2838 Pythagoras
657 2751 733 2817 dum
754 2754 786 2818 in
808 2752 949 2818 musicae
979 2745 1185 2836 inquisitione
1206 2746 1280 2811 lahe
1309 2778 1315 2818 a

97 2845 263 2912 'aurarem
295 2834 560 2922 symphoniasque
590 2835 767 2924 ponderum
788 2860 828 2903 ac
847 2848 1048 2902 numerorum
1081 2830 1282 2921 proportioni·
1312 2871 1314 2889 t

160 2922 220 2987 bus
242 2930 425 3008 coaptaret,
459 2921 594 2988 effectus
624 2933 729 2989 tamen
760 2923 915 2988 rationem
937 2920 1073 2986 reddere
1094 2940 1160 2983 non
1184 2916 1282 3011 potuit

39 3022 41 3027 ’
133 3038 135 3043 >
243 3005 295 3068 21.
336 3004 488 3091 Remigio
510 3017 615 3073 tamen
634 3006 676 3073 de
697 3009 760 3074 hoc
780 3009 935 3093 figmento
956 3006 1045 3073 aliter
1064 3002 1204 3071 videtur.
1246 2999 1284 3071 tl

35 3110 49 3179 ’ἢ
84 3142 87 3147 .
160 3089 260 3166 enim,
292 3088 476 3178 Errrydicen
497 3091 571 3157 ideo
600 3093 724 3181 Orphei
756 3091 874 3158 dictam
895 3115 967 3159 esse
997 3089 1197 3179 cohjugem,
1224 3086 1285 3176 quit
1315 3129 1316 3147 t

162 3171 329 3239 facundiae
361 3197 469 3242 comes
498 3176 597 3244 dehet
621 3201 693 3245 esse
722 3177 882 3246 discretio.
940 3177 1016 3264 Ipsa
1036 3198 1111 3241 vero
1148 3180 1285 3263 scrpemt

120 3281 156 3330 as
164 3259 249 3324 laesa
271 3258 312 3323 ad
332 3258 489 3325 infernum
515 3259 689 3342 descendit,
711 3287 807 3351 quum
829 3263 962 3330 terrenis
986 3258 1137 3327 inhiando
1156 3278 1285 3337 commo

47 3396 50 3401 ,
162 3344 212 3410 dis
232 3365 353 3409 veneno
388 3345 557 3431 iniquitatis
585 3348 627 3414 ad
658 3349 814 3415 sinistram
840 3359 964 3435 partem
995 3344 1178 3413 inflectitur.
1234 3334 1286 3411 Sel

74 3456 98 3490 π
163 3429 287 3517 Orphei
319 3431 508 3498 carminibus
544 3431 586 3498 ad
615 3457 652 3501 su
677 3455 761 3523 eros¹
780 3444 968 3513 revocatur,
1013 3454 1112 3520 quum
1140 3428 1290 3525 luculente

165 3516 311 3580 oratione
340 3514 428 3581 lucris
448 3518 590 3601 stimulos
619 3457 675 3586 ari
690 3521 881 3608 aequitatem
914 3518 1115 3593 reformatur.
1176 3512 1287 3581 sede

165 3601 312 3686 respicit,
349 3601 520 3668 retrahitur
541 3603 582 3669 ad
604 3614 750 3684 terrena,
783 3626 843 3669 nec
864 3605 968 3670 oranti
989 3602 1123 3689 Orpheo¹
1145 3598 1288 3667 redditur·

127 3685 251 3750 toNam
273 3708 369 3834 quum
391 3697 535 3754 terrenus
556 3689 677 3757 animus
699 3688 874 3755 saecularia
896 3689 986 3755 nimis
1009 3683 1229 3773 concupiscit,
1253 3679 1287 3747 rix

169 3791 242 3834 enm
263 3772 364 3859 aiqua
386 3774 486 3839 oratio
510 3773 551 3839 ad
573 3784 688 3842 statum
712 3773 907 3841 rectitudinis
939 3772 983 3838 eri
1010 3773 1049 3852 ‘t,
1081 3773 1159 3859 quia
1180 3793 1202 3836 a
1222 3769 1288 3835 Pro·

168 3855 312 3941 serpina,
344 3854 378 3919 id
408 3868 456 3923 est
485 3859 619 3926 maxima
649 3862 791 3928 vitiorum
822 3869 949 3925 tenetur
980 3858 1137 3923 iecehra.
1199 3856 1290 3922 Porro

120 3968 122 3972 ·
170 3940 299 4005 Seruius
320 3941 484 4027 Orpheum
503 3966 614 4011 revera
635 3947 769 4011 animam
790 3944 935 4032 conjugis
955 3942 1143 4030 quibusdam
1159 3936 1296 4008 carmini·

170 4024 230 4088 bus
254 4024 410 4090 reducere
431 4027 565 4096 voluisse
587 4030 689 4107 dicits
707 4029 795 4118 quod
817 4031 890 4115 quia
913 4050 976 4093 non
997 4028 1116 4116 potuit,
1150 4049 1170 4092 a
1194 4024 1291 4116 poetis

89 4108 105 4135 ‘
129 4108 285 4195 deinquit,
318 4111 450 4196 fingitur
477 4128 638 4203 receptam
668 4117 728 4180 'am
758 4115 928 4202 conjugem
959 4112 1028 4180 dira
1045 4112 1207 4179 Plutonis
1234 4113 1293 4196 lep

168 4192 354 4282 perdidisse.
398 4197 494 4271 Quod
517 4214 549 4266 et
574 4141 738 4288 Virgilium
757 4200 820 4266 nult
841 4197 1021 4266 ostendisse
1035 4197 1210 4275 *dicendoz
1300 4240 1304 4251 ·
