2632 4658
371 130 639 272 npnogsr..
672 166 874 244 or-oa
1138 165 1190 243 ar

179 324 182 337 '
283 353 352 429 ort
407 325 954 431 ascensentur-nervi.
1077 390 1079 395 ,
1158 400 1162 407 -

131 491 285 559 Arachne
309 488 432 583 Lydia,
461 489 603 560 Idmonis
629 502 662 558 et
682 490 851 582 Hippopes
877 489 959 571 filia,
989 486 1096 557 studio
1116 488 1194 556 lani-

48 577 109 644 hcii
144 578 265 644 famam
288 577 489 667 quaesierat3
520 599 683 678 quumque
705 591 851 645 materna
877 575 1031 643 industria
1058 587 1191 643 cunetas

48 664 280 752 praecessisset
317 662 349 728 in
385 684 485 750 opere
523 662 691 740 laniendo,
739 663 827 730 festis
854 661 972 731 ‚diebus
1008 662 1190 728 insolentius

48 748 192 835 gloriata
218 759 285 827 est,
306 770 412 835 ‚quam
441 747 607 815 mortalem
634 748 798 816 decuerat
846 748 938 814 Nam.
959 747 1132 814 Minervam
1158 748 1215 815 ine

49 847 214 901 certamen
237 832 443 922 provocarit,
459 855 551 921 quae,
573 834 606 898 in
628 856 724 899 anum
742 855 843 909 versa,
865 834 949 900 inter
969 833 1033 898 hoc
1053 833 1097 900 ad
1120 853 1191 899 eam

50 920 152 1000 venit,
187 931 224 987 ut
251 918 319 1008 ejus
345 916 512 984 andaciam
543 931 771 1006 compesceret.
813 919 917 992 Quam
943 938 1040 1006 quum
1064 918 1193 986 vidisset

39 1005 80 1070 vin
105 1004 282 1071 certamine
306 1014 563 1091 permanentem,
591 1026 720 1071 reversa
740 1005 772 1070 in
795 1026 885 1070 stram
906 1004 1064 1090 speciem,
1094 1028 1193 1093 opere

51 1090 215 1178 proposito
244 1090 277 1155 in
307 1100 469 1156 certamen
496 1088 670 1157 descendit
726 1091 783 1156 Sic
811 1089 894 1156 victa
918 1089 1066 1156 Arachne
1116 1114 1192 1157 nuru

52 1174 282 1243 contumeliose
315 1197 335 1241 a
362 1175 505 1241 Minerva
538 1172 628 1263 pulsa
659 1186 763 1254 esset,
806 1172 979 1265 suspendio
996 1198 1047 1257 ‚se
1074 1115 1235 1250 alsecitro

51 1261 193 1349 Propter
213 1258 353 1327 studium
378 1273 501 1342 autem,
529 1258 618 1347 quod
643 1282 664 1326 a
685 1260 828 1339 Minerva
853 1273 1042 1347 acceperat,
1067 1263 1100 1327 in
1121 1284 1193 1327 ara-

53 1350 147 1413 neam
181 1367 272 1412 versa
305 1359 374 1423 est,
425 1357 462 1415 ut
494 1367 595 1435 opere
630 1344 730 1414 inutili
763 1345 881 1414 nullum
915 1368 1009 1413 suum
1044 1349 1194 1416 effectum

53 1453 172 1522 cepere
201 1440 320 1521 posset.
693 1469 696 1477 1
1010 1437 1013 1443 ’

459 1595 529 1673 92.
581 1593 785 1674 Alceste.

139 1720 306 1802 Admetus,
327 1739 385 1790 re'x
399 1725 570 1806 Graeciae,
593 1725 740 1793 Alcesten
763 1726 795 1792 in
813 1724 1079 1815 conjugiopetiit,
1101 1725 1235 1816 cnjus15

56 1821 149 1902 pater
173 1809 313 1879 edictum
335 1825 564 1900 proposuerat,
594 1823 629 1878 ut
652 1812 679 1876 si
703 1812 773 1900 quis
795 1811 875 1879 duas
899 1813 984 1877 seras
1005 1813 1065 1877 sihi
1087 1810 1193 1900 dispa-

55 1922 107 1966 res
138 1918 198 1964 suo
229 1917 326 1962 curru
350 1895 524 1984 jungeret,
569 1894 639 1983 ipse
666 1895 748 1962 illam
776 1897 809 1963 in
839 1897 991 1983 conjugio
1022 1897 1193 1983 acciperet.

55 1984 88 2051 is
104 1972 272 2049 ‘Admetus
306 1981 479 2068 Apollinem
514 1990 610 2068 atque
639 1982 814 2048 Herculem
848 1984 956 2071 petiit,
994 1982 1049 2069 qui
1084 1983 1114 2048 ei
1150 1983 1194 2048 ad

56 2089 187 2137 currum
209 2067 334 2133 leonem
353 2079 388 2136 et
406 2089 520 2155 aprum
532 2065 718 2169 junxerunt.
760 2068 873 2157 ltaque
895 2068 1042 2135 Alcesten
1062 2066 1094 2132 in
1115 2089 1193 2133 con·
1303 2124 1304 2129 ,

51 2155 181 2243 jngiurn
205 2152 340 2239 aceepit.
396 2152 504 2227 Quum
532 2175 565 2218 ru
590 2152 802 2220 infirmitatem
831 2153 1000 2221 cecidisset
1028 2151 1235 2236 Admetus,20

53 2250 91 2306 'et
112 2238 193 2309 rnori
213 2260 250 2304 se
271 2240 496 2326 comperisset,
523 2237 697 2324 Apollinem
721 2238 915 2328 deprecatus
938 2249 997 2306 est
1037 2237 1096 2306 ille
1116 2263 1192 2307 vero

57 2323 157 2405 dixit,
185 2346 223 2390 se
243 2323 273 2388 ei
298 2322 416 2412 aliquid
437 2347 499 2390 non
528 2346 624 2411 posse
650 2337 832 2412 praestare,
864 2324 976 2392 nisisi
999 2324 1068 2412 quis
1089 2349 1126 2391 se
1149 2325 1192 2392 de

58 2410 129 2499 ejus
160 2409 343 2499 propinquis
380 2407 422 2475 'ad
455 2422 590 2476 mortem
628 2432 687 2496 pro
722 2434 762 2476 eo
794 2411 969 2478 voluntarie
1008 2411 1192 2491 obtulisset3

58 2495 146 2584 quod
178 2515 259 2561 uxor
287 2494 404 2562 effecit.
457 2495 760 2582 Itaqueflercules
787 2495 864 2562 dum
895 2494 937 2561 ad
966 2496 1192 2563 Tricerberum

58 2604 173 2648 canem
195 2579 450 2646 'abstrahendum
482 2579 710 2659 descenderet,
751 2582 846 2648 etiam
875 2582 978 2669 ipsam
1009 2581 1051 2653 de
1083 2583 1241 2656 interiens·

57 2666 149 2733 levat
209 2663 377 2733 Admetum
416 2678 593 2755 posuerunt
627 2667 659 2732 in
690 2665 820 2734 modum
851 2667 997 2749 mentis3
1048 2667 1195 2736 Alcesten

56 2772 118 2840 pro
139 2751 413 2841 praesumtione.

281 2858 284 2863 -
425 2845 431 2870 r

277 2914 347 2991 95.
400 2918 644 3016 Neptunus
678 2930 723 2993 et
755 2914 973 3020 Amycus.

144 3047 315 3139 Neptunus
338 3068 437 3135 quum
458 3045 614 3111 incideret
636 3040 669 3106 in
691 3065 831 3111 amorem
847 3045 998 3137 Meropes
1015 3049 1194 3154 Nymphae,
1217 3036 1222 3040 ¹

60 3136 173 3203 hahuit
194 3156 233 3200 ex
247 3158 286 3200 ea
300 3133 397 3200 filium
412 3135 576 3220 Amycum,
589 3128 819 3218 Bebryciorum
837 3149 967 3220 regem,
989 3138 1044 3225 qui
1062 3141 1236 3204 enractaan

61 3222 138 3311 lege
159 3219 267 3287 solitus
290 3231 359 3286 erat
381 3218 541 3284 venientes
568 3213 709 3301 hospites
730 3215 772 3281 ad
793 3239 829 3282 se
849 3220 1015 3311 recipere,
1040 3236 1073 3290 et
1094 3245 1194 3308 coge-

61 3309 118 3374 hat
147 3329 205 3383 eos
233 3307 372 3373 cestibus
404 3325 514 3370 secum
546 3301 715 3379 dimicare,
749 3302 913 3393 victorque
940 3307 1076 3374 existens
1094 3309 1206 3373 inter-³

61 3392 194 3459 liciebat
223 3412 289 3456 eos.
337 3390 434 3454 Hauc
464 3388 531 3477 ejus
564 3386 722 3454 feritatem
748 3410 847 3474 quum
874 3391 961 3458 multi
990 3404 1096 3460 essent
1120 3394 1194 3480 per-¹

61 3477 166 3566 pessi,
193 3474 360 3543 novissime
386 3475 419 3538 in
441 3474 557 3539 eodem
579 3473 753 3538 certamine
774 3489 960 3560 superatus,
988 3491 1091 3545 morte
1111 3477 1195 3544 mul-

61 3575 147 3631 tatus
181 3574 231 3629 est
257 3565 281 3629 'a
309 3558 459 3642 Polluce,
500 3560 555 3649 qui
589 3579 662 3625 cum
690 3559 884 3644 Argonautis
912 3552 1033 3649 'pellem
1063 3584 1236 3634 auream35

10 3711 14 3719 .
63 3646 193 3717 Colchis
215 3647 354 3737 petebat

167 3822 171 3830 '
224 3794 227 3801 ¹
290 3832 297 3855 ··
319 3807 388 3885 921.
441 3809 683 3909 Neptunus
720 3813 931 3918 etErpx.

147 3940 254 4016 Quum
292 3937 562 4006 animadvertisset
601 3937 769 4027 Neptunus
802 3942 962 4011 Venerem
1003 3943 1193 4032 spatiantem

63 4026 94 4092 in
116 4025 209 4094 litore
231 4025 330 4092 Siculi
352 4026 464 4105 maris,
492 4045 627 4090 cumea
648 4025 855 4096 rcmhabuit.
898 4031 950 4096 Ex
974 4050 1038 4117 quo
1059 4032 1193 4118 gravida
1247 4100 1249 4107 ,

62 4112 149 4179 facta
175 4111 274 4178 filium
296 4111 456 4198 perperit,
492 4132 586 4192 ¹uem
619 4112 789 4180 nominavit
812 4115 964 4202 Erycem.
1007 4116 1073 4191 Qui
1093 4134 1235 4204 quamue

61 4199 92 4264 in
114 4197 229 4269 Sicilia
245 4208 416 4286 regnaret,
438 4132 555 4264 virtius
576 4197 640 4265 suis
662 4196 782 4280 fidens,
808 4198 914 4287 legem
934 4203 1042 4290 posuit
1064 4192 1193 4269 venien-
