2632 4658
97 79 158 137 nu
527 48 818 141 rnoosnrun.

96 277 204 350 aeque
225 210 388 349 inligena
411 262 539 325 terram
560 253 653 326 banc
678 256 724 325 ita
745 254 950 352 participata
974 257 1129 353 potentia
1151 284 1232 356 pos·

94 353 271 449 sidebant,
299 363 339 425 ut
356 355 454 452 regio
478 353 689 445 Carnesene,
716 354 883 453 oppidum
904 353 1115 431 Janirutnm
1138 364 1233 433 voci·

91 456 270 547 taretu'r’',
318 480 359 527 ea
397 456 444 529 ad
479 457 617 558 Hygini
657 455 786 530 librum
826 459 871 530 de
912 460 1049 560 origiue
1091 463 1231 535 urbium

93 558 306 631 Italicarum
336 555 463 656 (Serv.
491 557 562 633 Ae.
586 557 635 653 8,
662 557 788 660 658),
824 559 882 632 vel
915 562 960 633 de
981 562 1059 647 situ
1092 565 1231 636 urbium

92 660 307 732 Italicarum
341 658 467 759 (Serv.
496 659 568 734 Ae.
591 660 641 755 5,
667 657 796 834 555),
847 661 905 735 vel
943 663 1148 762 simpliciter
1188 667 1230 738 de

41 840 46 855 ι
92 761 236 834 Italicis
257 761 403 834 ortibus
428 760 548 865 (Serv.
565 761 636 837 Ae.
653 760 740 858 'M
766 761 807 836 2.
824 760 922 835 678.
957 762 998 858 8,
1016 762 1228 868 59¹l.600)

90 864 857 1042 satus}socflggfffigggss,
870 866 1060 1066 ‘3553‘
1073 865 1226 1066 qttl:

89 1094 199 1166 quum
223 1067 267 1141 de
288 1068 356 1140 situ
377 1067 476 1142 urbis
499 1068 719 1167 loqueretur,
750 1070 968 1166 expressit'',
1002 1064 1039 1142 et
1057 1070 1103 1141 ad
1122 1068 1224 1143 550:

93 1169 228 1241 “ltalia
250 1169 428 1268 Hesperia
453 1169 580 1243 dicitur
604 1196 627 1242 a
650 1171 757 1277 fratre
780 1168 958 1264 Atlantis,
992 1173 1055 1268 qui
1075 1172 1224 1265 Italiam,

87 1272 211 1370 pulsus
233 1296 254 1342 a
273 1298 452 1370 germano,
480 1274 603 1366 tenuit,
632 1275 733 1371 eique
751 1294 878 1347 nomen
894 1273 1059 1370 pristinae
1077 1276 1227 1373 regionis

87 1375 694 1574 ttttajtttttttdttt
713 1375 1226 1572 nlttttnttffttt

86 1578 212 1675 Higini
246 1574 394 1676 denique
422 1577 512 1650 liber
544 1581 590 1652 de
618 1580 689 1650 diis
705 1614 708 1621 ¹
714 1578 902 1676 penatibus
934 1579 1076 1650 affertur
1101 1604 1122 1649 a
1147 1579 1225 1652 Ma·

87 1678 207 1753 crobio
227 1678 286 1772 (S.
301 1677 343 1773 5,
361 1677 390 1751 4
405 1678 501 1774 fin),
528 1682 589 1779 qui
604 1679 751 1755 euntlem
769 1682 872 1753 etiam
891 1682 935 1753 de
950 1682 1248 1778 proprietatibus-

85 1784 232 1858 dcorum
256 1783 369 1880 egisse
392 1781 520 1875 tradit,
557 1808 666 1881 quum
692 1784 737 1855 de
762 1783 867 1854 astris
892 1808 935 1854 ac
963 1780 1077 1855 stellis
1106 1782 1225 1881 loque·

84 1895 181 1956 retur
205 1880 262 1984 (5,
283 1880 340 1985 8).
361 1914 364 1919 ·
395 1883 498 1974 Quae
522 1896 638 1958 autem
662 1884 743 1958 inde
767 1885 971 1977 recitantur,
997 1907 1063 1956 nec
1087 1883 1226 1985 Hygini

81 1984 254 2087 subulae,
297 2010 364 2057 nec
396 1985 501 2058 Post.
535 1983 684 2060 Astron.
720 1995 927 2086 agnoscunt.
999 1984 1118 2077 Quam
1151 2012 1224 2059 rem

83 2113 188 2160 nemo
212 2084 416 2180 mirabitur,
448 2089 510 2185 qui
529 2088 760 2187 reputaverit,
787 2112 833 2158 ne
855 2085 1029 2158 Politicon
1048 2083 1223 2159 Astrono·

83 2191 202 2261 micon
230 2187 372 2288 quidem
396 2201 571 2263 auctorem
598 2190 792 2264 consentire
805 2212 898 2259 ¹cum
925 2212 967 2261 eo
993 2188 1055 2289 qui
1078 2189 1223 2289 subulas

80 2291 238 2390 collegit.
300 2291 400 2375 Nom,
415 2290 475 2364 ille
504 2290 695 2382 “Graeae,
729 2284 1047 2387 inquit(2‚12)fl‚'
1083 2288 1222 2379 luerunt

83 2392 290 2493 Gorgonum
315 2392 497 2489 custodes,
526 2392 662 2491 dequo
683 2396 720 2464 in
738 2394 852 2489 primo
869 2390 961 2463 libro
986 2390 1221 2491 Genealogia-

82 2504 162 2567 ru'm
188 2496 432 2593 scripsimus.''
493 2493 548 2568 At
576 2495 665 2567 nihil
692 2492 849 2591 profecto
874 2494 911 2564 in
934 2491 1073 2594 sabulis
1095 2492 1221 2592 legitur

82 2601 136 2696 (p.
153 2594 197 2693 9)
223 2598 267 2670 de
292 2595 417 2669 Graeis
441 2595 648 2696 Gorgonum
676 2594 892 2693 custodibus.
951 2595 1052 2694 Ergo
1077 2593 1146 2668 bae
1170 2595 1219 2669 fa·

81 2698 185 2772 bulae
206 2699 263 2771 vel
289 2698 333 2771 ab
360 2699 428 2772 alio
451 2699 615 2773 collectae
638 2709 722 2771 sunt
737 2693 905 2797 Hygino,
939 2721 1043 2793 quem
1065 2722 1111 2769 ne
1132 2722 1220 2769 unus
1245 2698 1248 2757 l

82 2800 224 2900 quidem
241 2800 360 2874 codex-
374 2800 418 2875 C.
436 2802 579 2875 «balium
600 2811 716 2896 vocat,
738 2801 795 2874 vel
810 2797 986 2872 mutilatae
1005 2797 1051 2870 ad
1065 2809 1219 2871 nostram

82 2914 316 3002 pervenerunt
330 2913 498 2976 aetatem.
1242 2908 1248 2931 ¹

184 3005 286 3096 Quae
307 3030 415 3103 quum
436 3007 484 3078 ita
506 3007 591 3099 sint,
613 3004 658 3078 de
673 3004 811 3105 Hygini
833 3003 972 3078 nomine
991 3000 1094 3075 valde
1113 3000 1219 3075 ambi?
1244 3026 1248 3051 ¹

82 3132 152 3208 gua
176 3117 228 3179 est
251 3108 428 3205 quaestio,
460 3109 590 3206 quippe
617 3106 713 3205 qnod
737 3131 803 3178 nec
830 3107 893 3177 uni
919 3103 1052 3175 bomini
1075 3103 1220 3177 debetur

42 3293 44 3302 Ι
81 3235 147 3283 nec
168 3209 365 3281 uni-aetati.
419 3207 521 3301 Quae
541 3208 746 3308 ambiguitas
765 3233 807 3280 eo
823 3207 1041 3306 potissimum
1058 3218 1216 3305 augetur,
1245 3246 1248 3281 ι

83 3310 177 3409 quod
211 3320 345 3383 veteres
378 3313 565 3410 scriptores
602 3337 674 3382 non
703 3309 817 3382 solent
848 3310 938 3380 inter
969 3306 1218 3380 diversissimos
1246 3292 1248 3315 Ι

83 3413 247 3511 Hyginos
273 3414 470 3485 accuratius
495 3413 722 3511 distinguere.
785 3410 916 3484 Nullus
940 3419 1056 3481 tamen
1081 3407 1216 3501 dubito,

83 3517 169 3610 quin
195 3517 517 3588 commentariorum
540 3517 577 3586 in
592 3514 780 3614 Virgilium
803 3525 924 3585 auctor
947 3511 1104 3582 diversus
1130 3512 1177 3583 sit
1200 3534 1219 3581 a
1245 3582 1248 3589 ,

83 3615 128 3688 G.
148 3615 269 3707 Julio,
305 3643 407 3713 quem
430 3617 473 3690 de
490 3619 574 3689 viris
593 3614 809 3708 illustribus,
837 3617 880 3687 de
902 3610 1035 3685 Italicis
1057 3608 1216 3703 urbibus,
1246 3600 1248 3619 ‘

83 3716 127 3789 ile
168 3743 208 3789 re
242 3721 372 3789 rustica
406 3730 474 3790 etc.
518 3721 701 3816 scripsisse
742 3717 904 3790 arbitror.
979 3712 1119 3787 Deinde
1159 3713 1219 3813 qui

82 3814 330 3911 Astronomiea
361 3822 557 3918 composuit
585 3823 710 3891 iterum
739 3819 877 3891 differre
906 3815 1042 3887 videtur
1072 3840 1094 3885 a
1118 3814 1248 3887 subu-i

81 3919 196 3991 larum
230 3920 426 3992 cbllectore.
498 3922 555 3993 De
594 3922 740 4020 Hygino
779 3919 973 4018 gramatice
1014 3941 1109 3988 nunc
1148 3940 1219 3989 nou

83 4020 234 4117 disputo.
288 4020 550 4120 Mytbograpbo
571 4033 684 4095 autem
701 4023 886 4114 Vaticano,
915 4044 1018 4119 quem
1034 4027 1118 4116 post
1134 4017 1216 4092 Ser·

83 4123 178 4196 vium
217 4134 252 4197 et
287 4122 469 4227 Orosium
493 4126 621 4198 vixisse
660 4134 794 4198 certum
825 4137 902 4216 cst,
948 4145 1145 4218 quemque,
1189 4120 1248 4190 si*¹
