2632 4658
81 77 87 93 ⁴
144 144 224 219 rno
451 137 635 242 nynogr.
663 139 736 221 ιιι.
790 139 831 215 o.
887 137 952 215 ro.

129 328 243 419 ‘prims
268 344 344 416 pets
370 322 465 407 euni,
495 322 530 393 id
556 334 606 397 est
624 324 822 393 Ianuarius
843 322 1030 393 nominetur.
1071 327 1102 393 A
1123 327 1273 396 nonnullis

143 415 207 481 diei
229 412 345 481 dieitur
367 410 465 491 deus,
497 409 680 499 bilronsque
700 422 834 500 propter
853 423 959 479 ortum
980 422 1014 483 et
1033 432 1189 481 oecsoum
1209 415 1272 504 pin-

143 500 243 587 gitur.
284 496 380 567 Unde
401 494 573 563 Horatius:
780 552 783 557 .

162 626 165 635 r
229 582 409 669 Matutine
425 590 548 669 pater,
575 602 641 645 seu·
658 576 750 647 Jane
769 575 936 647 libentius
955 580 1074 652 areclis.

108 667 262 737 »essidem
292 668 388 735 etiem
420 686 515 735 omne
546 675 755 731 consecretur
782 663 924 746 initium,
957 666 1138 756 diciturque
1163 666 1272 749 lenus,

144 754 232 844 qnod
254 753 327 820 enni
339 754 494 839 januam
513 748 643 838 pmrdet.
677 748 775 816 Unde
797 763 829 819 et
850 753 923 819 enni
942 750 1063 821 initium
1085 754 1128 819 eh
1150 774 1271 821 eonon

144 838 284 908 ehsurde
319 845 530 935 nunoupptur.
581 835 669 902 Sene
696 834 806 922 templi
834 837 901 927 ejus
930 837 1094 927 aperiendi
1114 838 1165 905 vel
1190 838 1270 905 oleu-

145 924 242 992 dendi
263 923 347 991 ratio
363 922 457 1011 juxte
478 919 624 987 Servium
645 920 731 988 veris
751 931 810 987 est.
850 922 908 989 Alii
930 924 1033 1005 enim,
1062 924 1184 1012 inquit,
1206 924 1269 991 Re

133 1011 229 1092 mulo
253 1023 364 1076 contre
384 1005 522 1074 Sabinos
543 1019 722 1094 pugnante,
743 1028 842 1095 quum
862 1007 893 1077 in
913 1030 953 1074 eo
975 1019 1060 1076 esset
1080 1020 1117 1077 nt
1134 1010 1269 1077 vincere

103 1110 213 1178 tetur,
241 1094 376 1163 eelidem
403 1092 510 1159 ferunt
538 1115 653 1195 squam
682 1114 721 1159 ex
752 1091 868 1160 eodem
895 1093 969 1159 loeo
991 1095 1156 1183 erupisse,
1192 1118 1268 1183 qnae

146 1183 269 1272 lhgevit
300 1178 474 1246 exereitum
503 1176 704 1244 Sabinorum.
752 1178 841 1246 Hine
867 1201 948 1267 ergo
975 1191 1113 1249 tremum
1142 1203 1267 1261 morem,

144 1280 182 1336 ut
210 1263 384 1356 pugnatori
412 1262 574 1351 operirent
603 1262 771 1365 templum,
809 1264 896 1351 quod
924 1265 956 1329 in
988 1288 1028 1331 eo
1058 1264 1132 1331 loeo
1172 1266 1267 1334 fueret

144 1354 366 1429 constitutum,
403 1348 494 1437 qussi
526 1347 568 1415 ed
597 1371 739 1435 speciem
767 1349 889 1436 pristini
918 1351 1030 1417 auxilii
1071 1351 1129 1417 Alii
1152 1349 1266 1431 dieunt,

145 1438 275 1509 'l'etinm
303 1448 337 1504 et
356 1433 543 1515 Romulum,
562 1433 647 1501 facto
666 1432 807 1515 foedere,
829 1446 892 1503 tem
915 1436 979 1503 lum
997 1436 1060 1517 hoe
1074 1435 1268 1505 eediheesse.

103 1523 241 1590 toUnde
261 1532 295 1588 et
314 1522 432 1589 lenum
450 1518 532 1585 dues
552 1518 673 1586 hahere
685 1518 793 1602 faeie,
814 1532 850 1588 ut
863 1458 1009 1589 videlieet
1027 1521 1178 1599 ostendet
1194 1522 1266 1589 duo-

144 1631 215 1676 rum
243 1629 359 1694 regum
387 1605 612 1691 cognitionem.
648 1603 711 1674 Est
738 1614 772 1671 et
799 1606 860 1673 ulie
888 1628 971 1695 quse
991 1607 1128 1675 melioris
1151 1607 1266 1675 videtur

144 1716 260 1774 eausa,
276 1688 368 1844 puod
387 1688 430 1758 sd
451 1688 566 1775 bellum
587 1689 661 1759 ituri
679 1689 722 1758 de
742 1713 825 1780 peoe
845 1693 992 1781 ,cogitare
1010 1703 1044 1761 et
1062 1693 1267 1761 reversionem

144 1791 281 1931 optarit).
300 1778 407 1937 elllrlltd
425 1882 502 1928 vero
523 1859 610 1929 Aeoli
629 1858 775 1948 superius
796 1859 928 1971 leoinyrs
949 1810 1154 1955 mentionem,
1175 1861 1267 1928 refert

102 1964 220 2016 seeum
241 1949 345 2014 Varro
364 1946 415 2015 IX
434 1944 608 2015 insularum
629 1967 742 2032 regem
772 1945 887 2027 luisse,
916 1968 957 2013 ex
986 1968 1123 2035 querum
1150 1946 1264 2013 nehnhs

144 2048 179 2103 et
199 2032 371 2101 Vuleeniee
391 2032 513 2098 insulse
534 2032 620 2099 fumo
644 2030 832 2121 preedieens
849 2033 956 2100 future
977 2045 1143 2101 ventorum
1159 2034 1264 2113 fluhre,

143 2121 185 2188 eh
213 2120 364 2209 imperitis
404 2117 545 2185 creditus
575 2127 625 2185 est
658 2118 692 2182 in
732 2140 790 2185 sue
821 2130 980 2205 potestate
1013 2130 1124 2186 ventos
1152 2128 1264 2185 tenere.

144 2206 229 2275 sunt
248 2217 354 2273 eutem
378 2203 469 2292 ipsus
488 2200 611 2269 insulae
630 2213 705 2291 post
724 2202 840 2272 fretum
863 2202 1007 2285 Siciliae,
1033 2225 1119 2291 quse
1139 2206 1182 2270 eh
1201 2204 1265 2306 ipso

144 2288 259 2370 Aeolo,
288 2291 451 2440 ῌΞρὶοῑαο
481 2287 628 2355 videlieet
653 2286 735 2367 filio,
767 2285 912 2355 Aeoliae
944 2288 1160 2391 appellentur,
1187 2289 1267 2392 ,lloel

102 2375 501 2546 ²⁶‘ilt‘ttlhtlttl
530 2372 692 2525 lilith
706 2371 1267 2549 „hntpti‘hhttlltlsst

143 2546 258 2625 rimus,
286 2546 341 2633 qui
367 2555 474 2612 temen
501 2544 565 2611 Vll
595 2555 717 2611 tontum
744 2543 860 2610 insulas
890 2544 1012 2623 Aeolius
1032 2556 1170 2627 tractet,
1201 2568 1267 2612 ess·

145 2630 282 2720 demque
301 2654 322 2697 a
342 2629 457 2696 nostris
482 2626 523 2696 V
518 2628 678 2694 ulcorrios
701 2626 764 2693 diei
795 2629 923 2710 asserit3
950 2630 983 2696 in
1010 2652 1147 2718 querum
1175 2630 1268 2699 etiem

144 2738 226 2796 une,
246 2737 340 2804 x(putee
365 2710 539 2801 Strongyle
565 2712 696 2791 dieitur,
725 2714 857 2780 Aeolum
885 2715 1008 2803 etipse
1028 2737 1186 2803 regnasse
1203 2737 1268 2781 me-

102 2809 266 2876 someret,
303 2811 338 2869 et
360 2822 380 2865 e
401 2800 530 2865 flemme
551 2797 582 2862 in
604 2799 748 2885 proximo
768 2813 994 2888 prorumpente
1014 2800 1061 2867 vel
1082 2801 1152 2891 ejus
1175 2801 1270 2877 fumo,

143 2885 198 2972 qui
218 2897 328 2954 ventus
347 2885 482 2951 fleturus
503 2897 609 2963 esset,
629 2882 835 2965 intellexisse3
856 2885 944 2968 quod
959 2884 1139 2974 hodieque,
1160 2886 1268 2975 inquit,

142 2972 212 3060 ejus
246 2970 309 3038 looi
339 2969 459 3037 ineolns
493 2980 616 3035 eertum
646 2980 696 3037 est
724 2968 928 3058 praesentire.
985 2972 1128 3060 Physica
1166 2984 1270 3040 eutem

138 3057 266 3125 ratione
290 3057 323 3123 in
350 3066 443 3123 entre
470 3053 587 3121 Aeolus
617 3053 733 3120 sedere
759 3057 801 3122 lin
828 3056 907 3137 itur,
940 3056 1021 3144 quia¹
1043 3056 1190 3126 neturule
1211 3066 1268 3135 est,

142 3155 179 3209 ut
198 3142 269 3209 loce
288 3164 429 3210 eoneeve
450 3138 543 3229 plene
564 3140 626 3207 sint
646 3139 755 3208 ventis.
796 3077 829 3207 ll
875 3165 950 3209 num
978 3143 1008 3210 ei
1034 3142 1121 3209 June
1140 3142 1269 3230 lingitur

99 3226 288 3308 Medione,
327 3227 401 3316 quis
427 3238 533 3293 motus
561 3225 661 3305 aeris,
695 3225 730 3291 id
759 3235 810 3293 est
861 3228 1008 3308 ononis*
1032 3239 1142 3296 ventos
1172 3239 1269 3307 meet,

113 3372 129 3403 0
165 3316 256 3381 uibus
279 3322 408 3401 praeest
431 3309 558 3377 Aeolus.
601 3308 669 3375 Sed
689 3322 723 3377 et
744 3323 833 3377 motu
853 3335 956 3401 equae
976 3312 1154 3380 seeundum
1175 3336 1269 3403 quos-

141 3337 217 3465 llem
242 3400 326 3466 venti
356 3409 514 3465 creentur.
571 3392 668 3461 Unde
696 3395 879 3484 Nymphem
905 3399 933 3465 ei
960 3397 993 3463 in
1022 3397 1165 3466 Aeneide
1196 3397 1268 3464 ideo

140 3484 317 3551 seeundum
339 3482 485 3549 Servium
508 3480 646 3569 spondet
665 3480 769 3561 Juuo,
801 3483 875 3569 quia
904 3506 1002 3572 quum
1033 3478 1198 3551 ventorum
1216 3506 1269 3549 rex

141 3572 197 3647 sit,
228 3571 342 3637 merito
369 3569 400 3635 ei
426 3567 574 3658 jungitur
604 3567 698 3654 origo
729 3580 903 3635 ventorum.
960 3568 1035 3635 Non
1066 3580 1181 3637 autem
1204 3568 1270 3637 sine

99 3657 266 3723 horatione
284 3655 370 3723 Juno
391 3655 422 3720 in
444 3676 503 3720 sue
523 3662 682 3741 potestate
700 3651 867 3742 Nymphas
891 3664 1003 3729 tenere
1030 3652 1165 3733 dieitur,
1198 3654 1271 3742 quie

142 3741 212 3829 ipse
235 3750 284 3807 est
305 3745 388 3818 ner,=
406 3737 448 3805 de
475 3760 539 3824 quo
561 3740 662 3804 nubes
684 3750 841 3807 creentur.
883 3738 981 3805 Unde
1001 3751 1065 3807 est:
1094 3740 1214 3827 Atque
1233 3738 1270 3803 in

143 3824 268 3890 nubem
287 3826 427 3911 cogitur
446 3825 520 3888 ae'r.
562 3823 616 3889 Ex
644 3824 779 3891 nuhihus
809 3847 911 3912 equae
938 3823 1164 3902 demittuntur,
1193 3846 1270 3912 quus

143 3910 310 3999 Nymphas
338 3928 495 3974 essenon
521 3907 652 3976 dubium
674 3921 732 3976 est.
776 3910 864 3976 Sene
889 3920 1001 3977 notum
1021 3909 1191 3997 Virgilium
1211 3908 1272 3975 eri·

143 3995 213 4076 tici,
235 3992 322 4083 quod
340 3991 438 4059 Aeolo
462 3993 575 4061 marito
595 3994 749 4082 promittit
768 4016 917 4076 uxorem3
943 3993 1030 4083 qnod
1052 4007 1158 4062 temen
1180 4015 1197 4059 r
1242 3994 1272 4059 ‘e

101 4078 805 4254 interr-'eregit
828 4080 1000 4253 33333
1040 4079 1273 4243 333333

508 4207 520 4242 9
988 4212 997 4231 ι

1291 4266 1314 4427 l
