2632 4658
120 137 204 214 aaa
372 108 554 240 uyuogr'.
583 138 667 210 ιιι.Ι
711 98 773 251 ιι.
844 133 991 239 7.-3,
1043 104 1053 119 “

122 322 251 400 taudem
272 319 413 390 scutatis
432 319 549 388 indicio
569 344 625 405 rea
646 322 718 388 esse
748 320 964 407 cognoscitur.
1006 310 1103 394 Quae
1127 316 1256 407 quidem

29 428 33 441 ¹
124 410 220 474 virtus
242 430 338 498 prava
361 405 591 476 cousuetudine
622 405 727 497 illecta
760 405 866 471 vinclis
897 404 1171 472 constrictioribns
1204 427 1256 472 os-

123 493 264 562 tenditur
288 503 443 561 catenata.
495 494 605 560 Venus
625 492 734 580 itaque
754 491 892 580 quinque
914 490 997 557 Solis
1017 490 1115 569 filias,
1146 489 1183 557 id
1209 502 1258 558 cst

126 579 264 668 quinque
284 579 438 645 humanos
464 600 575 646 sensus
603 576 664 645 luci
686 600 726 643 ac
755 576 877 662 veritati
901 574 1046 655 deditos,
1080 586 1114 643 et
1134 574 1181 642 ad
1201 599 1257 642 ra-

102 666 206 731 triam
237 684 345 731 rerum
379 664 635 752 perceptionem,
672 673 708 730 ut
742 663 880 749 probant
912 661 1035 748 philoso
1059 661 1109 755 bi,
1154 661 1257 741 datos,

125 750 216 836 quasi
250 748 324 816 solis
357 748 479 828 foetus,
512 749 574 815 bac
604 747 785 835 corruptela
818 745 974 814 obfuscet
1062 746 1143 813 ullus
1176 747 1257 813 oot-

126 857 237 902 sensus
260 845 319 913 est,
340 856 433 982 apuam
460 856 522 900 non
544 818 609 900 suis
629 833 782 900 illecebris
802 831 952 918 voluptas
965 831 1092 898 inliciat.
1134 831 1257 915 Quibus

127 931 234 986 autern
253 920 345 1006 singu
358 943 394 986 os
416 919 667 1008 comptionibus
695 917 858 998 molestet,
887 917 919 981 in
940 918 1098 984 Martiano
1128 940 1257 1007 compe·

128 1006 243 1073 tentius
264 1004 363 1092 leges.
407 1007 563 1093 Congrua
583 1015 689 1072 antam
721 1003 845 1068 filiabus
866 1001 949 1069 Solis
970 1005 1096 1070 nomina
1116 1002 1265 1071 tribuum·

89 1104 190 1160 1otur.
231 1091 358 1157 Dicitur
372 1091 462 1156 ‘enim
483 1091 584 1180 prima
613 1088 793 1176 Pasiphae,
820 1086 853 1153 id
883 1099 933 1161 est
960 1087 1118 1153 omnibus
1148 1110 1258 1176 appo·

130 1197 227 1254 rests,
262 1188 299 1244 ut
320 1176 421 1253 visus3
453 1175 536 1243 risus
558 1175 642 1243 enirn
663 1172 785 1240 nonnisi
805 1173 848 1250 ,in
871 1168 975 1238 medio
996 1170 1099 1260 posita
1119 1185 1260 1240 conten·

128 1262 241 1348 platur.
284 1258 456 1328 'Secunda
489 1260 623 1342 Medea,
659 1257 695 1325 id
730 1271 779 1326 est
813 1257 914 1322 nulla
946 1254 1052 1337 cisio,
1088 1257 1261 1347 designem

131 1345 281 1412 auditum.
336 1346 406 1412 Vox
435 1346 518 1413 enirn
540 1347 622 1414 nulla
656 1366 812 1434 corporea
833 1353 891 1410 est.
940 1341 1053 1410 'I'ertia
1081 1343 1199 1424 Circe,
1230 1340 1261 1409 id

132 1441 182 1497 cst
211 1452 379 1495 nsanurom
401 1430 598 1518 judicium,
625 1454 710 1519 quae
742 1439 911 1518 protacta
933 1428 1096 1515 accipitur.
1140 1429 1268 1505 Quarta·

92 1514 302 1595 loPhaedra,
321 1514 356 1579 id
377 1526 427 1581 est
443 1513 593 1603 affirens
613 1515 842 1590 suavitatem,
864 1535 949 1600 quae
969 1514 1129 1601 significat
1148 1514 1263 1581 odora·

132 1610 230 1668 tum·
260 1598 377 1674 Quinta
398 1598 497 1665 Dirce
526 1612 591 1680 est,
646 1623 706 1667 uae
730 1619 810 1664 acre
826 1599 1001 1686 judicans
1027 1594 1264 1688 iuterpretatur.

132 1686 194 1752 Est
215 1685 297 1750 enim
317 1694 430 1772 gustus
452 1685 575 1774 saporis
588 1624 698 1774 judex.
1180 1685 1185 1701 ’

216 1771 248 1836 7.
291 1768 387 1844 Quod
409 1791 484 1836 vero
505 1771 665 1859 Pasiphae
685 1779 811 1836 taurum
832 1790 971 1849 amasse,
996 1782 1030 1838 et
1049 1770 1266 1839 Minotaurum

101 1928 104 1937 ,
135 1855 297 1957 peperisse
318 1855 452 1934 dicitur,
486 1856 615 1922 Servius
639 1878 713 1921 are
734 1865 828 2004 gesta
849 1867 987 1922 sumtum
1017 1854 1103 1922 dicit
1148 1855 1270 1947 deserit·

93 1940 578 2020 soen1m,n0tarium'raurum
600 1943 713 2008 Minois
749 1941 840 2006 uisse.
883 1943 997 2021 Hunc,
1028 1940 1146 2027 iuquit,
1176 1940 1268 2011 Pasi-

157 2027 235 2104 hae,
268 2048 348 2092 uxor
379 2026 512 2106 Minois,
548 2027 655 2094 furtim
695 2027 826 2104 amavit,
861 2038 894 2092 et
926 2047 999 2091 curn
1035 2025 1139 2090 eoin
1172 2024 1269 2091 domo

135 2049 271 2175 llaedali
292 2112 480 2190 concubuit;
503 2123 536 2178 et
556 2114 630 2198 quia
651 2111 795 2198 geminos
813 2109 945 2198 peperit,
966 2130 1065 2176 unum
1087 2110 1130 2175 de
1151 2110 1269 2184 Mincii,

137 2195 268 2260 alterum
294 2195 335 2262 de
366 2198 495 2270 Tauro,
536 2199 627 2264 enixa
657 2218 728 2260 esse
754 2195 967 2262 Minotaurum
995 2194 1120 2262 dicitur.
1176 2194 1271 2263 Unde

137 2279 303 2366 Virgilius:
356 2282 512 2346 Mirtum
531 2304 654 2369 genus.
705 2281 791 2345 Sane
812 2280 887 2346 huic
910 2280 956 2344 rei
974 2281 1049 2367 quia
1079 2303 1271 2348 consensum

97 2383 133 2431 aa
138 2365 288 2469 praebuit
307 2365 490 2444 Daedalus,
521 2389 576 2431 rer
597 2368 695 2432 iratus
718 2389 790 2431 eum
820 2366 852 2430 iu
881 2385 1044 2433 carcerem
1065 2367 1181 2449 trusit;
1214 2364 1271 2434 scd

138 2450 214 2517 rnde
237 2473 310 2517 eum
331 2452 445 2539 regina
467 2454 624 2537 corruptis
645 2452 794 2518 relaxarit
815 2451 1011 2518 custodibus.
1030 2464 1035 2487 ‘
1066 2451 1132 2526 Qui
1155 2452 1273 2519 amisso

139 2538 170 2602 in
192 2537 272 2601 mari
289 2536 362 2617 lilio,
384 2535 453 2603 navi
475 2539 594 2604 Cumas
613 2539 704 2604 veuit
747 2535 843 2610 Quod
870 2538 965 2605 etiarn
986 2535 1138 2623 Virgilius
1159 2538 1271 2625 tangit,

141 2621 265 2688 dicens:
308 2622 473 2708 Remigio
494 2623 643 2688 olorum.
701 2621 776 2687 Alae
800 2621 882 2687 enim
907 2635 940 2689 et
958 2622 1120 2689 volucrum
1146 2634 1272 2690 suntet

141 2707 274 2772 narium.
324 2704 419 2772 Unde
439 2704 522 2770 idem
545 2706 633 2773 alibi:
681 2706 721 2771 V
716 2707 847 2770 elerum
864 2706 1187 2792 pandimusolam·
1219 2708 1271 2775 Fi·

101 2792 201 2862 solies
222 2812 297 2857 vero
319 2789 571 2871 Atheniensium,
604 2792 656 2879 qui
677 2789 718 2856 ad
738 2790 951 2858 Minotaurum
973 2790 1149 2859 devorandi
1172 2791 1273 2862 mittc⁴

145 2880 278 2955 bantur,
298 2877 366 2942 auri
387 2889 419 2945 et
438 2876 562 2962 argenti
584 2874 725 2966 pondera
771 2888 820 2943 ost
841 2878 938 2943 rictas
958 2877 1096 2944 Athenas
1120 2878 1225 2945 Minoi
1242 2878 1272 2943 is

144 2964 294 3031 tributum
315 2961 408 3027 missa
436 2962 573 3028 arbitror
598 2899 789 3051 accipienda.
843 2962 948 3029 Porro
970 2963 1066 3028 Circe
1080 2964 1180 3052 juxta
1201 2965 1271 3032 Ser«

143 3048 226 3113 rium
263 3046 305 3111 ob
335 3045 398 3112 hoc
429 3056 552 3117 tanturn
582 3048 664 3115 Solis
694 3048 824 3135 fingitur
854 3048 933 3124 filia,
980 3049 1067 3134 quod
1101 3047 1273 3119 clarissimo

143 3131 292 3200 meretrix
314 3131 390 3211 suit,
424 3144 457 3198 et
477 3133 543 3198 sole
564 3134 638 3200 nihil
665 3133 778 3200 clarius
808 3145 865 3199 est
918 3133 1038 3221 Haec,
1061 3133 1187 3222 inquit,
1217 3156 1273 3203 sua

102 3240 137 3289 aa
146 3217 272 3283 libidine
291 3226 325 3283 et
347 3215 563 3284 blandimentis
584 3220 726 3286 homines
748 3220 778 3284 in
799 3218 932 3284 ferinam
952 3217 1048 3284 vitam
1069 3220 1111 3285 ab
1136 3219 1273 3288 humana

143 3302 340 3383 deducebat,
362 3315 397 3369 ut
418 3301 533 3369 libidini
557 3315 589 3371 et
613 3305 682 3370 volu
707 3305 824 3370 tatibus
845 3325 975 3390 operum
997 3303 1119 3370 darent.
1240 3314 1246 3323 “

226 3389 257 3456 8.
298 3388 350 3454 Do
372 3388 413 3453 eo
443 3410 535 3465 vero,
568 3388 654 3477 quod
678 3329 1026 3478 doylanmutavortt,
1062 3390 1144 3459 haec
1171 3388 1274 3458 fabula
1305 3394 1308 3479 l

88 3522 91 3539 .
142 3476 218 3542 licta
240 3481 298 3539 est.
355 3472 493 3562 Scyllam
515 3475 667 3561 virginem
689 3474 931 3562 pulcherrimam
962 3474 1125 3554 Glaucus,
1158 3476 1276 3545 Anthe-
1306 3514 1308 3529 ι

143 3560 227 3627 done
249 3558 375 3626 ciuitate
405 3558 582 3641 secundum
615 3560 783 3650 plerosque
811 3572 922 3640 natus,
954 3559 1042 3628 ‘uxta
1067 3560 1275 3646 Fulgentiuur

101 3668 221 3721 socero
259 3642 454 3712 anthedonis
487 3646 587 3724 filius,
624 3646 748 3713 amarit.
803 3647 900 3711 Hunc
961 3647 1047 3727 irce,
1087 3647 1171 3714 Solis
1191 3645 1275 3722 lilia,

144 3732 314 3819 diligebat,
346 3729 510 3819 celataque
532 3730 686 3820 Scyllam,
721 3732 856 3810 fontem,
888 3731 922 3795 in
941 3754 1007 3818 quo
1026 3731 1122 3799 larari
1142 3732 1277 3807 solebat,
1305 3698 1308 3797 l

145 3818 271 3883 venenis
291 3815 417 3897 inlecit3
451 3816 505 3885 ubi
532 3817 584 3883 illa
605 3817 819 3895 descendens,
856 3818 897 3883 ab
918 3816 1050 3905 inguine
1078 3816 1161 3885 luis
1192 3817 1279 3886 caui-

146 3906 269 3990 busque
287 3901 405 3968 inserta
425 3916 482 3970 est.
539 3904 664 3970 Veritas
686 3904 783 3988 longe
805 3901 944 3970 aliaest.
996 3840 1166 3977 Anthedon
1197 3926 1279 3969 oon-

146 3989 298 4052 trarium
318 3985 457 4065 videns,
487 3987 629 4056 Glaucus
650 3988 785 4068 luscus,
818 3988 924 4079 Scylla
946 3984 1104 4076 confusio
1123 3988 1276 4079 interpre-

102 4085 238 4142 tatatur.
282 4066 331 4136 Ex
353 4070 479 4158 ignaria
505 4095 588 4161 ergo
611 4084 643 4140 et
674 4073 792 4138 incuria
816 4076 932 4161 (quae,
969 4075 1042 4161 quia
1075 4095 1188 4143 earum
1211 4074 1277 4141 finis

143 4158 266 4225 morum
289 4158 449 4247 corruptio
474 4170 678 4250 extremaque
707 4159 844 4248 perditio
874 4161 931 4240 sit,
968 4161 1128 4226 contraria
1157 4160 1277 4229 veritati
