2632 4658
367 122 586 226 unam.
613 122 667 201 u.
697 122 787 201 aa.
812 124 900 233 rr..
1155 126 1215 237 so

75 304 292 373 hecatomben
312 303 446 377 dicimus
466 308 595 377 domurn
617 308 828 413 multiplicem.
857 309 933 399 Ipso
953 325 1003 379 est
1015 312 1107 381 -enim
1119 313 1214 382 Luna

73 390 234 471 incaelo,
256 392 362 459 Diana
381 397 414 460 in
435 407 538 475 terra,
564 396 763 484 Proserprna·
778 397 940 463 in'erelso.
982 399 1084 466 Ceres
1106 412 1213 467 autem

74 477 206 541 Graece
236 480 413 561 goudium
448 480 572 547 dicitur.
615 479 694 548 Ideo
727 482 809 548 enirn
831 483 933 549 Ceres
951 481 1030 549 dea
1065 484 1213 553 frumenti

73 582 146 712 epse
159 560 295 711 <pliciter,
318 565 403 652 quia,
424 567 479 632 ubi
495 565 659 655 plenitudo
679 568 721 636 sit
734 567 905 650 fructuum,
927 568 1081 654 goudium
1099 593 1211 659 super·

72 668 157 712 aun
184 658 226 713 et.
997 659 1010 679 ⁸
1216 677 1234 727 a

421 801 488 879 lli.
542 808 654 887 vira
691 809 859 883 doris.

159 940 345 1032 Saturnus„
370 952 537 1029 postquam
559 940 753 1023 Themidis,
784 943 819 1009 id
846 954 906 1011 est·
922 956 1029 1031 terrae
1056 948 1212 1027 antistitis,

74 1027 254 1095 secundum
298 1029 447 1105 uosdam‚
468 1028 579 1093 Protei
601 1029 731 1095 oraculo
752 1030 924 1117 comperit,
945 1034 1098 1099 sestilio
1114 1054 1211 1121 posse

71 1134 178 1201 regno
201 1052 330 1217 depelli,
356 1113 519 1203 praecepit
594 1115 622 1192 i·‚
644 1115 864 1205 ¹cruori-suae,
893 1128 976 1203 qliae
994 1129 1028 1184 et
1046 1118 1140 1184 Rhea
1160 1120 1209 1185 rel
1241 1150 1244 1161 ·

72 1198 198 1289 Cybele
220 1198 351 1279 dicitur,
374 1212 413 1266 ut
430 1202 503 1285 quic
527 1200 557 1287 ui
599 1198 792 1291 pepulisset,
814 1201 873 1267 sibi
893 1225 966 1268 mox
984 1214 1253 1290 praesentaretro

72 1284 168 1359 Quae
206 1286 363 1371 raeg'nans
400 1223 646 1373 eperitlor'em,
666 1286 767 1375 Cujus
789 1286 1022 1373 pulchritudine
1041 1287 1210 1370 delectato,

71 1308 230 1460 Nymplis
259 1392 331 1437 eum
364 1308 511 1436 alendum
530 1368 578 1435 'in
606 1386 726 1443 monte·
747 1372 866 1439 Cretae
889 1372 1027 1439 Dictaeo
1049 1397 1212 1441 commen-

73 1452 168 1522 davit.
210 1455 287 1543 Ipsa
315 1468 427 1522 autem·
450 1480 476 1523 a·
491 1456 651 1537 Saturno,
677 1454 738 1521 sti
756 1468 860 1537 esset,
890 1459 982 1545 quod
1005 1460 1210 1547 peperisset,

72 1539 291 1627 interrogata,
328 1540 464 1630 lapidem
499 1542 528 1605 ei
560 1548 650 1608 restd
678 1540 851 1608 involutum
881 1545 1082 1624 monstrarit,
1114 1566 1209 1633 quem

73 1626 233 1693 Saturnus
254 1626 381 1693 roravit.
424 1626 571 1715 Juppiter
592 1624 715 1708 autem,
744 1627 915 1695 nutritusa
936 1629 1109 1718 Nymphis,
1139 1630 1252 1717 qui-15

73 1712 134 1777 bus
164 1721 236 1778 erat
265 1735 284 1777 a
315 1724 417 1779 matre
446 1712 712 1793 commendatus,
729 1724 773 1778 'et
800 1712 952 1780 lactatus
970 1726 1020 1781 est
1051 1738 1069 1780 a
1102 1737 1210 1803 capra,

72 1796 239 1863 Amalthea
260 1798 404 1885 nomine,
433 1798 526 1887 cujus
548 1800 643 1865 etiam
661 1798 745 1885 'pelle
767 1798 799 1861 in
821 1797 918 1877 bello,
943 1800 1210 1866 contra-'litones

71 1893 234 1969 pugnato,
263 1882 331 1972 ipae
352 1895 467 1971 postea
488 1883 603 1951 dicitur
623 1906 699 1967 psus
720 1883 827 1948 fuisse.
867 1884 965 1949 Tunc
985 1885 1211 1953 adhibiti-sunt

73 1968 102 2032 ei
130 1968 270 2035 Curetes
284 1970 332 2047 'et
359 1966 579 2059 Corybantes,
611 1970 663 2057 qui
692 1970 832 2056 vagitum
863 1970 954 2057 pueri
980 1971 1095 2035 tinnitu
1126 1971 1208 2035 aeris
1228 1988 1253 2023 ··

73 2052 279 2141 prohiberent
297 2052 407 2121 audiri.
451 2055 546 2121 Unde
570 2064 602 2120 et
622 2056 824 2145 Corybantes
846 2066 920 2119 sunt
940 2055 1072 2123 ministri
1101 2057 1252 2123 matris²⁰
1282 2120 1284 2127 .

73 2138 218 2218 deornm,
239 2140 329 2225 quasi
350 2138 610 2229 daem'ones,·qui
624 2148 725 2206 totuin
742 2140 855 2209 sciunt.
876 2141 1210 2229 'func-itaqueapes,

73 2225 156 2289 aeris
176 2246 289 2291 sonum
311 2236 460 2311 secutae,
480 2225 871 2293 Jovem'dicunturmelle
892 2224 1015 2291 aluiss'e.
1056 2228 1124 2292 Pro
1146 2250 1210 2314 qua

72 2328 108 2373 re
129 2309 175 2375 eis
196 2302 309 2397 postea
330 2313 486 2396 praestitit
504 2310 659 2401 luppiter,
682 2323 723 2378 ut·
742 2314 896 2377 haberent
913 2311 1033 2386 liberos
1054 2313 1122 2377 sine
1144 2313 1208 2377 ullo

72 2396 256 2461 concubitu.
273 2393 676 2487 Adultus'autemlnppiter
690 2398 811 2484 patrem
830 2418 932 2482 regno
947 2396 1075 2484 depulit,
1089 2398 1208 2464 lactus·
1245 2418 1252 2447 2

73 2502 137 2566 que
159 2490 321 2568 stuprator
335 2483 500 2570 pessimus,
524 2482 662 2562 saccula,
682 2494 765 2567 qua'e
782 2483 921 2547 Saturno
944 2494 1099 2566 regnante
1120 2482 1249 2552 ‹lice-25

70 2567 188 2631 bantur
209 2588 323 2641 aurea,
356 2590 414 2635 suo
436 2571 495 2635 sub
516 2570 649 2688 imperio
671 2568 747 2633 l'ccit
766 2567 826 2633 dici
846 2580 1010 2652 argentea.
1045 2569 1099 2634 Ob
1117 2569 1212 2659 cujus

70 2651 211 2717 incestus
234 2652 372 2737 crimina,
396 2659 539 2738 Astraea,
565 2658 710 2723 Pitanum
733 2673 842 2732 soror,
863 2666 995 2743 propter
1015 2653 1208 2741 aequitatem

68 2736 251 2806 lustitia
272 2760 311 2801 co
338 2740 515 2825 nominata,
530 2740 652 2810 ·'fe1·tnr
672 2739 845 2807 luceolum
866 2738 1040 2806 recessisse
1060 2762 1134 2807 cum
1154 2764 1207 2807 so-

69 2843 147 2889 rore
167 2844 228 2891 sua
248 2823 300 2897 Pu
324 2826 418 2895 citis.
733 2844 737 2853 ·
1060 2868 1063 2873 -
1119 2864 1122 2869 ·

290 2990 355 3069 17.
408 2994 584 3069 Latona
620 2994 812 3109 ejusque
843 3022 985 3077 soror.
1012 3044 1019 3079 r
1211 3024 1250 3072 ao

154 3120 304 3229 luppiter
322 3115 499 3197 Latonam,
523 3124 646 3191 'liranis
667 3127 787 3193 scilicet
805 3126 917 3203 fitam,
947 3125 1072 3195 vitiavit
1115 3126 1207 3209 Post,

68 3229 168 3296 quum
191 3224 285 3278 etnam
307 3229 449 3278 sororem
476 3207 543 3296 ejus
565 3213 708 3297 Asterien
728 3214 839 3279 vitiare
860 3212 969 3294 vellet,
998 3213 1207 3300 illa-optavit,

69 3306 106 3360 ut
136 3318 156 3360 a
184 3296 243 3363 diis
271 3304 509 3363 converteretur
544 3294 574 3359 in
598 3316 704 3381 arem,
733 3300 889 3365 sersa'ue
911 3312 960 3365 est
978 3298 1010 3364 in
1039 3324 1127 3364 arem
1150 3298 1209 3383 ‹tp-

69 3405 175 3467 voye,
201 3405 295 3470 quam
324 3402 385 3449 nus
404 3379 779 3452 coturnicem'vooamus.
822 3318 867 3451 Pit
887 3406 983 3472 quum
1006 3385 1097 3449 vellet
1119 3405 1207 3447 mare
1250 3414 1254 3419 ·

68 3466 293 3549 transfretare,
324 3464 410 3557 quod
431 3477 480 3531 est
502 3471 717 3551 coturnicum,
751 3470 860 3535 oillata
882 3493 902 3535 a
922 3470 1002 3533 Jove
1023 3470 1106 3534 etin
1127 3468 1248 3555 lapi-ao

69 3549 144 3615 dem
168 3570 339 3631 conversa,
368 3552 421 3618 diu
446 3552 506 3616 sub
528 3554 677 3621 fluctibus
699 3555 798 3621 latuit.
839 3554 976 3626 Postea,
1008 3553 1206 3639 supplicante

68 3634 142 3701 Jori
160 3636 303 3715 Latona,
330 3636 432 3705 lerata
453 3648 521 3715 est,
552 3650 585 3704 et
607 3640 764 3727 Ortygia
788 3637 892 3718 dicta,
922 3638 1095 3724 superferri
1114 3639 1205 3725 aquis

69 3722 186 3808 coepit.
246 3726 340 3793 Haeo
379 3724 482 3811 primo
519 3720 669 3809 Neptuno
707 3735 740 3789 et
766 3723 879 3789 Doridi
912 3723 972 3791 luit
1010 3737 1205 3791 consecrata.

66 3804 189 3874 Postea
217 3802 312 3897 qumis
333 3809 418 3875 Juno
439 3805 604 3894 gravidam
625 3833 646 3875 a
666 3809 747 3874 Jove
768 3809 943 3889 Latonam,
971 3806 1112 3891 immisso
1138 3808 1204 3898 Py·
1256 3880 1266 3891 ‚

68 3892 184 3971 thone,
216 3918 311 3981 quem
340 3906 413 3982 post
441 3895 561 3958 lactum
583 3895 806 3983 cataclysmum
827 3895 933 3983 specie
953 3894 1064 3981 ignota
1086 3907 1247 3961 morta-4⁰

67 3973 148 4065 libus
181 3980 286 4047 Terra
318 3979 435 4059 edidit,
467 3980 728 4065 persequeretur,
759 3979 907 4068 nullaque
940 4004 1011 4046 eam
1044 3993 1203 4047 errantem

66 4064 161 4148 regio
188 4067 362 4152 reciperet.
395 4063 564 4129 novissime
594 4067 676 4133 venit
701 4066 733 4130 in
753 4067 906 4169 Lyciam.
957 4066 1003 4133 Et
1035 4088 1131 4153 quum
1162 4089 1201 4131 ex

67 4149 176 4215 calore
196 4153 315 4219 aestivo
335 4150 419 4221 sitim
440 4149 555 4219 sedare
576 4151 684 4235 vellet,
714 4153 756 4219 ab
776 4152 842 4238 hro,
870 4150 924 4241 qui
950 4150 1079 4241 juncum
1106 4172 1200 4219 secus
