2632 4658
153 158 239 231 aro
364 155 680 257 myndam.
717 142 797 228 n.
852 154 1048 231 ‘ru-er.
1105 226 1123 243 .‚
1185 168 1191 181 ·

23 374 51 411 ·,
157 364 193 407 se
214 359 341 427 quoque
361 337 394 402 in
416 356 505 403 mare
532 334 736 423 praecipitem
769 334 869 403 dedit.
927 336 1080 407 Leander
1104 339 1228 428 igitur,
1259 341 1290 409 id

155 437 204 493 est
231 425 388 490 virorum
409 420 554 503 solutio,
590 442 649 508 per
663 421 801 488 -virtutis
822 419 1058 492 derelictionem
1079 436 1113 494 et
1146 427 1155 444 '
1184 427 1290 495 nedae

154 508 385 595 indulgentiam
417 508 530 573 Heron
563 516 668 584 amat,
703 505 737 571 id
768 518 819 573 est
846 509 879 573 in
904 530 1047 577 umorem
1079 522 1112 577 et
1130 510 1153 577 li
1177 510 1286 579 idicem

155 596 296 662 incurrit.
340 589 409 658 Sed
439 590 567 657 libidine
587 591 717 679 quilibet
738 614 927 673 succensus,
962 593 1038 661 dum
1052 593 1103 661 ad
1123 596 1160 663 id
1181 598 1285 677 tendit,

88 746 93 765 ,
131 680 242 770 equod
276 677 426 745 ardenter
454 675 573 761 diligit,
612 699 784 764 numquam
810 700 887 745 sane
914 677 1002 747 uidet
1031 680 1119 769 quod
1154 704 1194 749 ex
1218 683 1282 751 edit

154 768 239 835 Nam
261 774 295 829 et
315 776 410 831 nocte
434 774 533 841 natat,
554 759 588 826 id
609 763 710 829 estin
731 764 870 829 obscura
890 764 1157 851 periculetentat.
1235 791 1281 835 ero

154 854 184 918 ei
207 852 385 928 lucernam,
414 868 455 911 ne
473 849 621 929 aberret,
652 847 806 923 accendit.
848 850 895 917 Et
915 850 993 939 quid
1014 848 1100 916 aliud
1120 874 1214 937 amor
1233 854 1279 921 nin'

154 936 303 1004 ardorem
322 935 491 1021 importat,
529 942 563 998 et
583 931 777 1000 desideranti
797 933 879 1003 viem
897 935 1109 1023 periculosam
1130 936 1278 1021 ostendit?

153 1023 305 1089 Lucerna
345 1028 451 1085 autem
479 1019 594 1101 ¹statim
633 1019 846 1107 extinguitur,
892 1022 966 1109 quia
992 1021 1140 1112 juvenilis
1176 1024 1277 1091 amoris

112 1106 252 1177 roardor
273 1125 336 1168 nou
357 1103 411 1170 diu
429 1113 621 1190 perseverat.
665 1105 748 1170 lieni
771 1130 813 1171 ue
834 1116 868 1173 et
887 1106 992 1175 nudus
1014 1118 1121 1186 natat,
1142 1131 1183 1175 ea
1204 1108 1275 1175 ride-

154 1192 228 1259 licet
258 1189 300 1254 de
327 1211 442 1268 causa,
482 1187 569 1276 quod
599 1191 716 1256 amoris
746 1128 894 1257 illecebra
929 1194 1134 1260 affectatores
1165 1218 1276 1263 suone
1315 1256 1316 1275 ,

154 1273 333 1343 substantia
354 1287 387 1341 et
421 1274 549 1341 consilio
571 1272 695 1341 nudare
727 1276 890 1343 consuevit
911 1279 995 1344 etin
1017 1278 1177 1364 pericula,
1208 1282 1276 1347 sicut
1315 1287 1316 1360 ζ

35 1387 37 1391 ·
153 1363 185 1428 in
214 1383 323 1438 mare,
356 1359 489 1449 jactare.
541 1358 639 1434 Quod
673 1371 780 1426 autem
822 1362 951 1428 lucerna
991 1364 1132 1430 extincta
1165 1366 1277 1453 utrique
1315 1426 1316 1429 ,

155 1469 252 1517 eausa
274 1449 385 1513 mortis
408 1458 471 1523 est,
489 1443 582 1531 juxta
601 1443 809 1532 Fulgentium
830 1444 993 1515 evidenter
1011 1449 1184 1535 siguificat,
1203 1449 1277 1539 quod
1315 1527 1316 1536 ἵ

112 1536 187 1601 rein
207 1544 344 1619 utroque
364 1552 444 1597 sexu
467 1529 564 1595 libido
588 1530 803 1599 commoritur.
852 1532 1002 1620 Denique
1032 1534 1064 1599 in
1093 1535 1177 1601 mari
1195 1537 1276 1603 ambo

155 1619 347 1698 moriuntur,
369 1615 403 1680 id
433 1623 498 1695 est,
518 1615 551 1679 in
572 1625 738 1683 senectute
757 1617 992 1707 inquietationis
1012 1617 1181 1687 libidinum
1210 1620 1276 1687 alb

155 1705 325 1770 viscuntur.
384 1700 542 1775 Senectus
578 1701 660 1766 enirn
719 1702 783 1767 uod
816 1702 934 1790 frigida
970 1715 1004 1771 et
1037 1706 1212 1773 humorose
1237 1705 1277 1783 sit
1315 1787 1316 1791 Ἰ

154 1790 234 1856 muri
256 1786 475 1873 comparabilis
499 1783 630 1854 videtur.
714 1809 765 1852 am
798 1799 832 1855 et
863 1788 1053 1876 tempestas,
1094 1813 1162 1877 quta
1242 1792 1277 1871 iit,

153 1873 362 1963 possessionis
383 1871 622 1938 distractionem
642 1868 808 1958 designat;
843 1874 935 1961 cujus
954 1874 1170 1943 consideratio
1202 1876 1278 1942 'bidi-

111 1961 202 2029 tonis
221 1957 401 2024 incendium
420 1957 603 2044 saepissime
626 1969 749 2024 enecet.

108 2046 111 2062 “
238 2046 291 2111 20.
334 2044 491 2109 Venerem
515 2042 652 2130 denique
669 2039 847 2190 philosophi
877 2040 909 2105 in
930 2043 1039 2129 specie
1069 2043 1156 2111 vitae
1176 2044 1279 2133 philar-

106 2132 109 2145 '
154 2130 250 2216 gicae
280 2150 436 2217 posuere,
477 2127 609 2216 ejusque
643 2150 716 2194 cum
745 2129 796 2193 Pa
808 2125 879 2190 lade
908 2140 941 2193 et
968 2129 1096 2195 Junone
1129 2146 1280 2198 certamen

155 2219 319 2301 eleganter
354 2226 502 2293 statuere.
563 2212 666 2303 Cujus
706 2214 753 2279 rei
789 2214 977 2298 figmentum
1011 2225 1047 2281 ut
1083 2216 1281 2303 explicemus,

154 2303 251 2387 paulo
279 2300 369 2366 altius
399 2296 609 2365 exordiamur.
658 2298 805 2386 Juppiter
831 2319 928 2383 quum
958 2297 1132 2366 'l‘netidem
1160 2312 1281 2379 amaret,

111 2385 332 2474 mprobibitus
353 2398 402 2449 est
422 2407 442 2448 a
463 2383 584 2451 Proteo
605 2404 676 2449 cum
699 2406 737 2448 ea
755 2384 985 2463 concumbere,
1011 2407 1051 2450 ne
1072 2408 1171 2472 quem
1192 2408 1283 2475 gene

154 2481 257 2549 reret,
290 2469 344 2558 qui
367 2491 403 2534 se
421 2488 525 2554 regno
546 2468 727 2556 expelleret.
781 2468 839 2533 Ille
865 2489 1056 2554 persuasus,
1087 2471 1193 2538 Peleo
1222 2494 1283 2537 eam

153 2579 288 2624 uxorem
322 2553 428 2631 dedit,
468 2576 643 2640 eorumque
671 2553 788 2640 nuptiis
823 2550 893 2638 ipse
923 2575 996 2620 cum
1023 2553 1084 2623 diis
1106 2567 1141 2623 et
1170 2557 1283 2624 deabus

155 2643 320 2720 omnibus,
339 2648 470 2724 excepta
492 2639 680 2719 Discordia,
713 2638 863 2705 interfuit.
906 2638 963 2704 Illa
985 2640 1068 2706 irata
1095 2640 1218 2708 malum
1238 2664 1284 2709 au-

154 2749 245 2796 reum
267 2727 299 2790 in
319 2725 457 2789 medium
479 2724 574 2790 trium
596 2724 745 2805 dearum,
766 2722 908 2801 Junonis,
929 2724 1068 2792 Palladis
1091 2737 1126 2793 et
1149 2728 1284 2805 Veneris,

112 2812 231 2900 eojecit
264 2812 310 2877 sic
343 2809 544 2894 inscriptum:
588 2810 853 2874 Puleleerrimee
889 2810 1034 2885 ciocum„
1079 2810 1158 2877 lllae
1195 2812 1284 2899 igitur

154 2898 198 2961 de
219 2899 391 2961 formarum
412 2892 594 2959 excellentia
619 2905 794 2975 certantes,
821 2892 909 2960 Jovis
935 2893 1090 2983 judicium
1112 2896 1285 2985 elegerunt

153 2987 195 3050 At
226 2982 375 3069 Juppiter
404 2978 484 3045 duas
522 2977 632 3044 nolens
667 2980 853 3059 offendere,
890 2979 916 3045 si
946 2982 1069 3046 tertiam
1102 2983 1284 3070 praeferret,

154 3091 210 3134 eas
251 3065 291 3132 ad
331 3064 482 3130 Paridem
518 3064 688 3132 transmisit
722 3062 924 3152 judicandas.
978 3066 1042 3131 Cui
1074 3090 1176 3154 quum
1206 3069 1284 3135 Juno

153 3174 308 3239 regnum,
344 3149 450 3214 Pallas
489 3149 636 3216 virtutem
677 3151 891 3237 polliceretur,
937 3152 1147 3243 promissione
1183 3164 1283 3222 tamen

111 3238 301 3309 adHelenae
321 3236 479 3302 Venerem
500 3235 742 3322 pulcherrimam
758 3235 922 3324 judicavit

239 3326 291 3388 21.
333 3321 438 3385 Porro
461 3320 559 3386 Peleo
586 3332 619 3388 et
640 3319 779 3388 Thetide
806 3320 941 3388 Achilles
962 3333 1071 3404 natus,
1106 3323 1281 3414 cujus‘ritn

154 3409 302 3476 omnibus
323 3418 399 3472 nota
422 3415 478 3472 est.
535 3403 708 3472 Thetidem
739 3405 838 3492 igitur
867 3404 930 3470 dici
960 3409 1128 3475 voluerunt
1165 3422 1280 3499 aquam.

154 3495 242 3561 unde
265 3505 298 3559 et
317 3492 402 3578 Nym
425 3491 499 3557 ham
521 3490 765 3579 appellaverunt.
810 3492 911 3555 Hanc.
926 3492 1076 3580 Juppiter
1096 3497 1190 3581 quasi
1211 3494 1280 3561 deus

154 3579 321 3669 conjungit
353 3515 470 3658 Peld03
509 3572 616 3662 πηλὸς
644 3576 727 3642 euim
756 3578 883 3642 Graece
910 3576 1025 3641 lutum
1053 3579 1280 3667 interpretatur.

109 3665 247 3751 eoErgo
284 3676 402 3730 terram
431 3684 505 3727 cum
536 3684 621 3727 aua
651 3662 779 3729 mixtam
807 3660 959 3748 genuisse
987 3658 1095 3730 volunt
1120 3665 1280 3733 bominem.

152 3751 261 3840 Ipsum
303 3748 415 3813 Jovem
460 3685 608 3812 Thetidis
645 3746 751 3815 ferunt
787 3746 989 3813 concubitum
1039 3760 1189 3835 optasse,
1233 3747 1282 3819 sed

152 3837 283 3902 vetitum
305 3855 394 3911 esse,
431 3853 473 3896 ne
491 3831 643 3919 majorem
670 3854 706 3897 se
727 3844 917 3920 generaret3
954 3833 1027 3919 quia
1047 3835 1151 3920 ignis',
1189 3835 1284 3903 idest

149 3920 316 4008 Juppiter,
348 3921 464 3983 sicum
492 3939 574 4004 aqua
596 3921 706 3991 coiiat,
740 3941 844 4005 aquae
865 3917 981 3982 virtute
1002 3919 1212 4005 extinguitur.
1252 3922 1283 3987 ln

151 4005 375 4095 conjunctione
394 4014 500 4067 autem
521 4025 625 4089 aquae
646 4015 678 4069 et
697 4013 820 4082 terrae,
857 3999 892 4068 id
921 4013 970 4067 est
991 4003 1140 4071 Thetidis
1173 4020 1207 4074 ct
1227 4006 1284 4073 Pe·

107 4091 211 4170 telei,
230 4089 390 4157 discordia
410 4086 477 4154 sola
498 4109 560 4152 non
583 4088 749 4168 inritatur,
782 4086 857 4176 quia
878 4086 1050 4155 concordia
1071 4091 1182 4176 potius
1205 4105 1286 4159 utro

149 4199 287 4264 rumque
306 4175 374 4241 lieri
407 4173 636 4241 elementorum
672 4194 805 4240 necesse
825 4183 890 4253 est,
927 4183 967 4245 ut
994 4171 1091 4241 bomo
1124 4179 1287 4267 gignatur.
