2616 4658
221 140 224 147 ’
333 190 906 303 nycaenam-ass.
1146 193 1214 297 rr

122 358 153 387 “’
206 378 211 387 ’
290 375 387 451 229.
442 379 701 481 Endymion
735 379 951 454 ethca.
1007 318 1041 358 x·
1287 324 1293 329 ⁵

66 524 69 531 '
137 501 321 593 'Endymion
357 515 469 609 pastor
497 525 622 579 amasse
648 506 767 583 dicitur
795 506 922 582 Lunam
959 526 1018 573 seu
1045 504 1190 574 Dianam.

52 589 118 667 Qui
139 603 266 685 spretus
294 601 381 681 pavrt
410 612 529 679 pecora
558 591 798 673 candidissima,
827 605 861 664 et
885 592 932 665 sie
952 603 1023 658 eam
1044 591 1076 655 iu
1097 613 1190 679 suum

52 672 313 762 illexibamorem.
338 674 448 766 ,Cujus
467 674 512 749 rei
530 676 697 774 mysticam
717 675 877 765 quandam
900 675 1006 743 roluct
1027 676 1218 752 rationemr

51 758 299 850 Duplequippe
319 760 416 835 modo
438 784 562 832 amasse
582 761 697 836 dicitur
711 762 847 838 Lunam.
876 763 944 833 Seu
961 759 1048 848 quod
1073 762 1216 849 primuss

49 844 214 912 hominum
230 868 357 918 cursum
371 847 465 912 lucae
477 847 647 928 invenerit3
668 848 754 923 uode
771 859 804 915 et
815 846 911 924 XXX
928 847 1016 914 annis
1037 844 1192 913 dormisse

51 928 186 1010 dicitur,
222 931 297 1018 quia
325 931 400 998 nihil
428 929 513 1007 aliud
543 933 574 1002 ic
602 933 663 1009 vita
683 956 741 1007 sca
762 933 820 1000 cisi
840 933 916 1010 huic
934 931 1104 1023 repertioni
1125 943 1191 998 stu-

50 1014 130 1086 duit
173 1015 248 1082 Sive
274 1015 362 1106 quod
391 1014 536 1088 nocturni
569 1018 649 1090 roris
678 1017 808 1100 humor,
836 1030 933 1105 quem
958 1027 1024 1084 tans
1051 1014 1191 1089 siderum

74 1122 148 1193 ⁴cam
178 1100 276 1190 ipsius
305 1101 399 1168 lona'e
426 1124 561 1192 vapores
583 1103 949 1179 animandis-herbarum
969 1100 1054 1178 aucis
1075 1106 1197 1179 cecam

50 1124 184 1271 darunt,
204 1187 415 1283 pastoralibus
438 1189 538 1281 prosit
559 1189 769 1264 successibus.
983 1207 986 1211 ’
1198 1185 1235 1236 1⁰

167 1373 171 1383 ¹
252 1369 365 1463 ¹230¹.
418 1330 729 1484 Berecynthia
763 1395 808 1459 et
837 1378 960 1464 Aris.

135 1508 367 1598 Berecynthia,
388 1523 490 1579 mater
514 1509 660 1591 deorum,
681 1511 752 1578 htin
772 1533 906 1601 puerum
927 1510 1189 1599 somnosissimum
1250 1509 1253 1513 ’

50 1616 178 1660 amasse
198 1592 330 1676 dicitur,
361 1619 473 1686 quem,
504 1595 571 1661 celo
594 1619 769 1676 succensa,
792 1597 962 1671 castrando
985 1597 1189 1663 semimascu-
1230 1584 1236 1617 ‘

48 1680 115 1745 lum
137 1679 221 1745 lecit
264 1681 508 1771 Berecynthiam
524 1680 593 1755 dici
615 1681 797 1762 voluerunt,
829 1683 920 1772 quasi
950 1683 1103 1749 montium
1130 1681 1190 1747 do·
1274 1742 1278 1753 ,

49 1765 176 1832 micam.
217 1763 297 1829 Ideo
319 1782 451 1834 matrem
472 1765 622 1845 deorum,
653 1765 740 1860 quod
760 1764 840 1834 deos
861 1789 920 1855 pro
941 1768 1089 1855 superbia
1110 1770 1233 1832 cun-¹5

51 1849 165 1937 cupari'
192 1848 374 1928 voluerunt,
410 1864 445 1918 et
476 1861 609 1916 matrem
642 1849 777 1917 deorum
808 1854 840 1917 ic
866 1850 996 1922 modurn
1026 1853 1191 1946 potentiae

49 1945 189 2023 ponunt,
221 1932 309 2003 unde
329 1934 456 2021 cybele
485 1934 616 2013 dicitur,
645 1935 736 2023 quasi
763 1936 863 2012 aridos
893 1938 1057 2031 βέβαιον,
1087 1936 1191 2004 idest

48 2020 189 2106 gloriae
238 2018 372 2084 amitas.
392 2020 485 2106 Ergo
507 2018 655 2107 potentia
669 2021 791 2108 gloriae
811 2043 938 2109 semper
959 2044 1068 2091 amore
1089 2031 1191 2087 torre-

51 2116 123 2181 tur,
154 2112 187 2168 st
217 2102 304 2167 ivore
323 2114 505 2192 torquatum
534 2105 596 2171 cito
620 2127 661 2171 ce
681 2105 836 2190 abscidit,
864 2105 952 2197 quod
972 2106 1091 2200 diligit,
1112 2104 1195 2174 dum¹

49 2201 158 2260 tamen
178 2186 320 2281 'amputat
340 2188 432 2272 illud,
461 2188 549 2285 quod
566 2128 642 2264 odt,
925 2236 928 2247 ,
1108 2240 1113 2255 ,
1191 2192 1232 2249 'ao

286 2340 387 2461 Ι251.
440 2384 625 2487 Psyche
662 2396 707 2460 ct
744 2382 946 2485 cupida

136 2509 285 2600 Apulejus
319 2509 463 2578 inlibris
492 2512 791 2600 metamorphoseon
821 2511 948 2591 scribit,
985 2511 1017 2578 ic
1051 2507 1190 2598 quadam

52 2595 180 2663 civitate
206 2618 320 2683 regem
351 2607 384 2664 et
404 2596 561 2684 ¹reginam
590 2598 738 2665 habuisse
772 2609 838 2665 tres
867 2596 956 2663 filias.
997 2596 1088 2662 Duas
1111 2606 1189 2661 natu

49 2681 187 2770 majores
220 2692 397 2771 temperata
428 2683 536 2770 specie
564 2684 684 2765 fcisse3
721 2682 880 2773 juniorem
903 2703 1010 2762 pero,-
1037 2681 1082 2747 Ps
1106 2681 1188 2746 ohsc
1221 2746 1227 2755 ,

51 2769 195 2847 nomine,
226 2779 292 2833 tam
314 2768 412 2833 mirae
434 2769 574 2836 extitisse
586 2836 591 2843 ,
604 2768 798 2856 elegantiae,
819 2779 855 2835 ut
875 2766 1062 2834 crederetur
1079 2705 1229 2832 lecuras

54 2874 128 2916 csse
158 2851 327 2920 terrestris.
377 2852 460 2922 Deci
485 2877 525 2919 ue
552 2854 677 2923 duabus
702 2853 875 2944 majoribus
903 2854 937 2920 in
961 2852 1188 2941 coniugiumue

53 2936 126 3002 viris
147 2936 293 3018 adscitis,
314 2935 416 3018 illam,
436 2877 530 3010 rdluti
551 2939 663 3016 deam,
688 2962 751 3006 non
774 2940 843 3028 quis
866 2962 939 3006 uam
960 2960 1069 3004 amare
1090 2959 1187 3004 ausus

53 3033 140 3099 erat,
172 3021 231 3088 se‘d
262 3023 422 3105 venerari-3
453 3038 550 3114 atque
577 3025 688 3092 hostiis
711 3049 783 3091 eam
804 2963 930 3098 siblmet
951 3022 1128 3110 deplacare'
1141 3023 1188 3087 in-

50 3105 236 3189 tendebant.
276 3109 385 3175 Venus
407 3131 507 3195 ergo,
535 3132 689 3179 succensa
715 3108 847 3188 invidia,
879 3108 1070 3198 Cupidinem
1099 3107 1188 3195 petit,

50 3205 89 3258 ut
119 3192 152 3256 ic
184 3205 404 3262 contumacem
432 3195 565 3261 sormam
586 3195 737 3263 severiter
755 3195 899 3273 vindicet.
942 3194 998 3262 Ille
1019 3191 1061 3258 ad
1078 3193 1230 3258 marrisao

50 3277 203 3344 ultionem
224 3278 419 3359 adventans,
440 3281 537 3348 visam
583 3280 695 3347 uellam
716 3280 894 3361 adamarit,
927 3291 960 3347 et
978 3280 1048 3367 ipse
1063 3294 1106 3344 ‘se
1126 3299 1186 3342 suo

50 3364 117 3431 telo
147 3365 312 3453 percussit.
353 3364 466 3452 Itaque
495 3305 642 3455 Apollinis
670 3364 909 3433 denuntiatione
932 3364 1065 3452 jubetur
1084 3362 1188 3457 puella

50 3449 85 3515 in
119 3449 234 3516 montis
251 3450 431 3516 cacumine
458 3451 527 3519 sola
554 3452 676 3518 demitti
701 3463 735 3520 et
776 3460 893 3518 ennato
913 3448 1052 3536 serpenti
1070 3469 1189 3534 sponsa

52 3533 213 3600 destinari.
253 3534 406 3602 Perfecto
425 3537 524 3624 igitur
551 3539 630 3605 chor
674 3538 727 3616 io,
758 3534 793 3604 cd
819 3546 869 3602 est
889 3532 1032 3635 virginali
1062 3531 1185 3612 sunere,

78 3619 157 3686 uella
172 3623 236 3722 per
255 3622 371 3687 montis
399 3620 546 3702 declivia,
563 3623 649 3711 .Zep
672 3623 720 3712 yri
749 3621 854 3689 flantis
886 3620 949 3684 lenc
978 3627 1108 3685 vectura
1130 3618 1225 3683 ‹le-³5

50 3642 158 3791 lbpsa,
172 3727 214 3781 ¹m
236 3705 396 3794 quandam
418 3707 546 3773 domum
568 3730 698 3788 auream
718 3705 842 3793 rapitur
862 3716 895 3771 et
913 3704 1100 3792 pretiosam
1128 3704 1188 3768 ibi-

52 3813 117 3877 que
143 3791 289 3870 rooibus,
318 3791 377 3857 sibi
399 3791 618 3860 tantummodo
643 3791 868 3870 servientibus,
895 3789 1006 3885 ignoto
1037 3791 1189 3858 utebatur

52 3874 214 3964 conjugio.
255 3877 339 3943 Nam
362 3890 456 3945 nocte
474 3877 643 3944 adreciecs
664 3877 805 3952 maritus,
825 3876 958 3943 veneriis
978 3876 1189 3964 perobscura

52 3962 207 4050 peractis,
228 3972 265 4030 ut
279 3962 383 4029 invise
408 3963 816 4052 vespertinusadrenerat,
849 3962 894 4029 ita
924 3960 1110 4050 crepusculo
1137 3961 1188 4026 in-

54 4045 204 4133 cognitus
220 4045 416 4115 discedebat
439 4047 506 4115 Sed
526 4048 568 4115 sd
583 4049 676 4140 hujus
699 4059 833 4114 mortem
853 4045 1034 4114 deflendam
1058 4063 1228 4113 sororesto

55 4130 260 4214 advenerunt,
280 4134 458 4219 montisque
472 4157 647 4203 conscenso
665 4134 838 4214 cacumina,
860 4150 1046 4221 germanam
1060 4130 1187 4218 lugubri
1259 4169 1261 4173 ,

55 4239 136 4287 voce
156 4219 354 4306 flagitabant
396 4220 441 4291 Et
468 4221 610 4310 quamvis
627 4221 678 4290 ille
697 4219 813 4322 conjux
832 4218 975 4309 lucifuga
995 4219 1134 4288 sororios
1156 4215 1186 4281 ei
