2632 4658
133 126 186 207 ro
516 122 700 228 uyaoga
727 124 761 200 1.
815 120 886 201 aa.
1303 133 1307 233 ξ

132 309 664 470 :tt‘tahtltl‘ttalhr‘
678 308 1127 473 Mrhffltttrttlt
1141 312 1272 467 'tlt

133 485 335 567 vehementer
366 481 495 562 dolens,
526 482 659 571 stirpem
686 502 813 549 omnem
847 481 930 549 Solis
955 504 1031 571 pers
1075 482 1106 549 ul
1133 472 1291 553 intanta'

133 571 295 643 amoribus
316 568 432 658 eoepit.
475 567 579 656 Igitur
601 565 780 656 Pasiphati,
809 566 894 635 Solis
914 566 995 651 filia,
1072 567 1153 636 ineis
1181 571 1269 659 ragis

108 658 255 737 tCretae
277 676 375 736 uxor,
407 653 490 723 tauri
510 674 620 721 amore
638 653 820 740 flagrabat,
847 663 881 721 et
902 664 972 720 arte
992 652 1129 722 Daedali
1150 654 1270 724 inclusa

131 741 214 810 intra
234 763 374 822 naseam,
386 737 541 828 ligneam,
568 749 693 826 septam
722 737 811 805 aerio
835 737 993 828 juvencae
1025 738 1269 828 pulcherrimae,

132 850 208 895 enm
228 840 321 907 tauro
334 847 403 893 rem
426 824 555 894 habuit:
575 821 663 891 unde
685 834 844 893 natusest
863 823 1082 908 Minotaurus,
1103 825 1169 915 qui,
1188 826 1270 897 intra

129 912 340 1003 labyrinthum
379 911 535 993 inclusus,
572 909 717 977 humanis
755 908 904 977 earnibns
946 913 1146 980 vescebatur.
1204 912 1269 993 aaa

136 998 241 1067 Minos
273 998 324 1065 de·
349 995 511 1085 Pasiphat
540 995 653 1063 habuit
692 994 809 1062 liberos
839 994 1011 1085 plurimos,
1050 995 1269 1084 Androgeum,

90 1083 309 1164 tOAriadnen,
344 1080 539 1149 Phaedram.
587 1079 657 1148 Sed
685 1078 878 1168 Androgeus
907 1104 1007 1171 quum
1037 1093 1124 1153 esset
1153 1082 1268 1153 athleta
1305 1152 1307 1177 Ι

132 1170 343 1249 fortissimas,
374 1178 407 1235 et
432 1176 600 1257 superaret
620 1167 653 1233 in
676 1166 834 1252 agonibus
855 1179 990 1236 cunetas
1012 1166 1098 1258 apud
1118 1168 1268 1250 Athenas,
1304 1210 1307 1255 ;

130 1258 171 1321 ab
193 1252 435 1322 Atheniensibus
468 1262 501 1320 et
528 1249 636 1320 viaiais
664 1248 911 1339 Megarensibus
940 1253 1112 1344 conjuratis
1143 1255 1267 1323 occisus
1305 1264 1307 1331 Ι

129 1352 188 1408 est.
231 1337 329 1423 Quod
345 1338 453 1405 Minos
476 1335 607 1419 dolens,
622 1335 778 1405 solatis
799 1336 950 1419 navibus,
977 1339 1063 1407 bella
1083 1341 1267 1408 commovit:
1305 1362 1307 1367 ·

130 1440 163 1492 at
184 1425 273 1492 vietis
294 1422 536 1491 Atheniensibus
579 1442 692 1488 oenam
721 1422 806 1489 bane
832 1425 960 1501 statuit,
989 1436 1028 1493 ut
1046 1426 1178 1514 singulis
1200 1427 1268 1514 qni·
1303 1386 1307 1475 l

88 1533 123 1581 15
133 1514 254 1597 busque
274 1510 364 1579 annis
386 1509 458 1597 vll.
479 1507 521 1575 de
574 1508 630 1588 ''s,
660 1519 694 1597 et
711 1508 783 1575 Vll.
826 1506 869 1575 de
888 1509 1103 1581 filiabussuis
1124 1511 1266 1579 edendos

130 1596 311 1667 Minotauro
333 1594 501 1664 mitterent.
554 1590 623 1661 Sed
652 1592 746 1661 tertio
774 1614 858 1661 anno
886 1595 989 1683 Aegei
1015 1594 1097 1671 tilius
1118 1597 1267 1665 'l'heseus

128 1682 242 1749 missas
279 1691 346 1760 est,
394 1691 509 1770 potens
546 1678 660 1769 uirtute
698 1690 795 1766 atque
830 1679 941 1747 forma.
997 1681 1061 1757 Qut
1095 1705 1194 1770 quum
1226 1685 1266 1750 ab

127 1766 287 1850 Ariadne,
309 1765 398 1853 regis
419 1765 500 1845 filia,
523 1775 648 1832 amatus
669 1762 798 1843 suisset,
825 1764 960 1833 Daedali
981 1766 1111 1833 oonsilio
1132 1768 1187 1835 filo
1208 1769 1266 1837 iter

95 1854 99 1865 “
129 1852 263 1934 direxit,
292 1865 342 1930 et,
384 1862 500 1919 necato
515 1849 730 1931 Minotauro,
769 1871 844 1917 curn
870 1863 964 1940 rapta
991 1851 1131 1920 Ariadne
1166 1853 1266 1922 vietor

80 1937 266 2041 'eannfugit
318 1938 413 2013 Quae
432 1959 530 2027 quum
552 1935 658 2005 omnia
686 1933 825 2027 landone
840 1933 988 2025 ¹Daedali
1015 1938 1120 2025 Minos
1151 1937 1265 2027 depre-

128 2024 290 2091 hendisset
313 2024 447 2102 ellenta,
470 2045 544 2089 earn
565 2043 639 2088 enm
658 2019 753 2087 Icaro
775 2020 839 2088 filio
862 2019 1052 2097 serrandum
1071 2024 1104 2091 in
1126 2023 1264 2128 labyrin-

126 2111 217 2177 thum
237 2108 341 2177 trusit.
375 2105 442 2175 Sed
462 2105 636 2188 Daedalus,
659 2105 816 2194 aorruptis
837 2107 1023 2175 custodibus
1044 2111 1104 2185 sub
1126 2111 1265 2177 lactendi

127 2195 267 2262 muneris
286 2193 411 2283 speeie,
440 2216 503 2282 quo
525 2192 708 2271 simulabat,
729 2213 827 2281 posse
844 2213 972 2279 regem.
990 2194 1125 2282 placari,
1156 2218 1264 2263 aeram

127 2280 253 2368 accepit
273 2292 306 2365 et
350 2296 466 2359 annas,
489 2276 632 2358 atinde,
652 2289 718 2343 tam
739 2275 804 2344 sibi
819 2298 915 2380 qnam
935 2278 999 2346 filio
1020 2280 1077 2349 alis
1096 2281 1263 2370 impositis,

85 2365 271 2437 saevolavit.
324 2301 436 2431 learns
459 2364 570 2446 altiora
591 2373 722 2451 petens,
751 2384 862 2453 pennas
883 2362 957 2431 solis
979 2365 1086 2433 calore
1106 2366 1268 2448 resolutis,

125 2447 387 2627 halabald
405 2448 543 2605 tlh*
561 2447 855 2601 ”tatararii
884 2448 1265 2627 ,ltllhthlth

125 2622 362 2776 Mlhlh
375 2619 757 2784 Mattslblttffltt,
789 2620 1264 2799 attrebatenses

84 2814 201 2861 annum
223 2816 286 2882 qno
305 2793 338 2858 in
359 2790 454 2859 domo
475 2790 611 2859 Daedali
631 2789 811 2858 concubuit.
859 2790 906 2858 Et
932 2795 1006 2880 quia
1037 2794 1183 2882 geminos
1228 2818 1264 2860 e·

123 2881 223 2969 perit,
257 2901 355 2945 unum
377 2878 419 2944 de
438 2878 565 2959 Minati,
596 2887 629 2943 et
647 2876 741 2942 alium
764 2873 807 2940 de
828 2876 957 2961 Tauro,
993 2881 1086 2947 enixa
1107 2902 1180 2949 esse
1201 2818 1264 2953 lli.

122 2979 292 3033 nntauram
314 2963 437 3030 dieitur.
482 2961 549 3032 Sed
579 2961 735 3029 inclusum
757 2959 938 3029 Daedalum
962 2967 1076 3054 regina
1103 2968 1292 3056 corruptis,

122 3051 273 3117 relaxavit
292 3051 496 3132 custodibus3
528 3049 600 3137 qui,
634 3048 751 3115 amisso
775 3047 807 3113 in
831 3050 911 3115 mari
931 3050 1012 3133 filio,
1045 3052 1117 3119 navi
1137 3050 1263 3121 dnlatns

123 3151 172 3204 est
197 3136 327 3202 Cumas.
370 3134 468 3212 Qnod
488 3135 639 3222 Virgilius
660 3133 773 3222 tangit,
794 3132 920 3203 disens:
942 3137 1030 3203 remi
1035 3137 1091 3201 <rio
1110 3136 1263 3202 alaram.

81 3223 201 3373 sapiae
224 3221 307 3370 enirp
328 3233 362 3288 et
381 3223 544 3291 voluerum
565 3232 656 3301 sunt,
686 3232 719 3303 et
739 3219 883 3303 navinuu
911 3231 963 3288 nt:
994 3185 1149 3289 velorum
1167 3244 1262 3309 pnn-

146 3330 238 3374 zmus
260 3328 282 3371 a
299 3328 350 3375 aa.

525 3425 596 3503 dd.
645 3403 854 3504 'Proseis

205 3558 356 3638 Procris,
375 3554 468 3655 blial
489 3554 561 3639 hili,
583 3576 665 3623 uxor
681 3557 816 3649 Cephali
837 3556 905 3627 tait
932 3557 996 3634 Qui
1013 3577 1110 3709 apuam
1122 3554 1259 3623 venandi

123 3641 230 3712 studio
250 3652 431 3725 teneretur,
459 3581 571 3711 libore
592 3644 713 3726 sessus,
741 3642 784 3712 ad
806 3643 910 3712 locum
931 3658 1015 3732 qnen
1039 3640 1158 3708 amira
1180 3663 1259 3706 oon-

81 3741 284 3811 aasueverat‚
317 3740 351 3796 et
378 3728 441 3796 illie
464 3729 508 3796 ad
537 3752 574 3796 se
603 3731 814 3798 recreandum
843 3754 953 3798 auram
983 3750 1109 3796 vocare.
1157 3725 1257 3803 Quod

122 3837 220 3902 quam
246 3836 345 3902 saepe
374 3813 514 3897 faceret,
545 3836 686 3882 amorem
704 3817 735 3882 in
760 3840 797 3884 se
816 3818 915 3885 morit
933 3818 1094 3896 Aurorae,
1122 3813 1258 3899 quaesi

122 3923 234 3966 earnem
274 3897 520 3981 velocissimum,
560 3901 713 3990 Leleplam
749 3902 893 3981 nornine,
931 3899 1076 3981 donavit,
1121 3911 1155 3966 et
1189 3897 1256 3964 duo

120 3986 246 4053 hastilia
263 3985 472 4067 inevitabilia,
500 4007 639 4053 eumue
676 3988 841 4076 complexa
876 3988 1018 4074 rogavit,
1056 3998 1108 4073 ut,
1146 3996 1257 4073 spreta

120 4094 222 4139 uxore
240 4095 324 4152 ..sna,
353 4094 425 4138 earn
452 4083 545 4139 amet.
623 4095 643 4139 e
663 4072 723 4155 eit,
743 4072 960 4163 jusjurandum
981 4098 1017 4140 se
1038 4071 1160 4140 habere
1181 4093 1256 4137 cnm

79 4158 261 4246 sacorrjugn
289 4170 419 4229 mutuae
448 4153 609 4228 eastitatis.
661 4158 734 4234 Quo
764 4159 889 4241 audito,
920 4159 1084 4249 respondit
1111 4163 1255 4226 Aurora:
