2616 4658
119 169 124 181 ,
313 74 533 233 Vnrynop.
560 131 633 205 111.
656 70 664 116 ³
687 128 760 204 tn
804 128 845 205 a
896 70 913 173 ἶ
1089 93 1181 255 'aas'

17 330 61 387 et
80 315 180 386 ‘salutl
200 325 347 407 spectare
367 315 533 402 videntur)
554 315 709 406 lippitudo
737 316 833 384 animi
864 316 1054 404 ignorantia:
1067 325 1175 381 natam

19 403 176 494 Scyllam
205 412 307 486 amat3
346 402 380 468 id
406 420 472 480 est,
511 401 610 489 quiris
639 426 697 492 per
725 403 905 494 hujusmodi
921 444 922 448 =
940 400 1013 467 vitia
1043 402 1075 465 in
1097 401 1173 465 insi-

18 490 185 580 pientiam
197 488 340 577 lapsus,
360 487 478 554 libidini
498 486 660 576 indulget,
714 512 776 554 uae
798 490 948 556 conlusos
969 485 1085 554 reddit
1128 486 1174 553 Ut

22 575 147 642 merito
169 573 277 641 luscus
299 572 432 653 dicitur,
464 574 538 661 quia
566 575 622 663 qui
639 512 758 656 libidini
774 598 905 662 operam
939 572 1014 652 dat,
1054 594 1172 638 caecus

24 674 63 729 et
94 658 246 746 insipiens
276 672 309 726 et
338 657 466 746 putidus
493 671 552 726 est.
607 660 732 747 Scyllae
767 683 841 726 vero
869 660 1002 746 inguina
1029 658 1112 744 lupis
1140 669 1198 724 ets

27 747 168 812 canibus
188 746 290 812 mixta
304 743 469 826 dicuntur,
504 746 578 832 quia
607 746 774 826 mulieres,
812 746 860 813 vel
887 747 1025 812 virorum
1054 741 1174 809 libidini

31 830 227 915 servientes,
271 842 432 917 nequeunt
479 830 690 897 meretriciam
728 831 870 918 ipsorum
917 829 1176 915 devorationibus

32 929 181 983 saturare
216 914 438 1002 cupiditatem
485 915 533 980 rel
567 914 655 1002 ipsae
693 917 844 1004 voluptati
887 912 1037 994 deditae,
1084 937 1176 981 suam
1208 926 1221 960 ⁷

34 1000 182 1149 nescilunt
199 1026 220 1069 a
249 999 486 1089 corruptoribus
515 1000 693 1068 distrahere
720 1002 938 1070 substantiam.
993 999 1092 1066 Unde
1117 1001 1176 1065 Ju-

35 1108 168 1155 renars:
692 1128 694 1137 ·
895 1130 898 1135 -

124 1169 286 1257 Prodiga
307 1192 375 1235 non
397 1167 505 1233 sentit
531 1181 737 1265 persuptem.
749 1168 893 1259 femina
910 1192 1061 1237 censum.

37 1259 146 1324 Canes
168 1278 244 1325 vero
264 1267 298 1322 et
315 1255 380 1342 lupi
400 1256 443 1323 ob
476 1253 540 1321 hoo
560 1277 601 1321 ex
623 1278 678 1333 ea,
707 1268 743 1322 ut
764 1258 816 1322 ait⁴
829 1255 980 1335 Servius,
1017 1255 1081 1321 nati
1103 1275 1178 1319 esse

39 1345 228 1430 linguntur,
246 1410 248 1414 ,
263 1341 337 1428 quia
366 1351 400 1406 et
428 1339 500 1405 loca
521 1341 595 1427 ipsa
622 1341 769 1408 monstris
798 1342 940 1427 marimis
971 1338 1064 1428 plena
1093 1349 1179 1415 sunt,

39 1442 74 1496 et
95 1426 253 1494 undarum
275 1425 316 1492 ad
336 1449 412 1492 sara
433 1424 590 1491 allisarum
603 1447 701 1492 sonus
715 1427 862 1494 latratum
878 1428 1026 1493 imitatur.
1062 1425 1185 1512 *Ipsum
1275 1478 1277 1492 ,

40 1535 170 1601 quoque
193 1512 351 1577 Glaucum
372 1513 405 1576 in
427 1522 618 1591 monstrum,
638 1525 675 1579 ut
697 1510 940 1591 habetfabula‘,
961 1510 1177 1595 deformatum
1187 1518 1221 1566 1⁶

36 1621 137 1677 reor,
168 1599 243 1686 quia
263 1595 397 1664 libidinis
416 1597 609 1684 impatientia
631 1620 695 1664 non
723 1598 825 1665 minor
852 1597 944 1664 virilis
964 1600 1062 1664 serila
1081 1616 1181 1684 quam

39 1684 168 1749 feminei
189 1682 351 1770 turpitudo
370 1681 570 1772 perditioque
592 1683 639 1749 sit.
692 1684 789 1748 Circe
812 1683 950 1770 Scyllam
971 1681 1078 1749 odisse
1100 1679 1181 1745 dici-

39 1784 95 1836 tur
116 1781 148 1834 et
179 1782 338 1849 mutasse,
382 1766 459 1855 quia
478 1768 595 1845 Circe,
638 1781 793 1856 utsupra
824 1758 1180 1844 diximus,'muuaum

10 1852 215 1942 ,judicium
236 1853 284 1921 rel
315 1851 471 1938 operatio
491 1851 725 1938 interpretatur.
773 1851 935 1918 Laborem
959 1854 1084 1921 autem,
1112 1873 1180 1915 ma·
1287 1854 1289 1860 '

40 1961 144 2004 nuum
177 1936 333 2025 judicium
363 1934 485 2002 scilicet
515 1934 563 1998 rel
597 1935 832 2022 operationem,
871 1936 981 2001 mulier
1013 1933 1224 2000 libidinosaau

42 2019 185 2101 fastidia
219 2043 303 2108 quae
331 2017 451 2085 libidini
482 2019 611 2085 tandem
658 2019 826 2108 aliquando
872 2021 1072 2100 renuntians,
1116 2019 1182 2086 otia
1220 2052 1228 2060 „

40 2105 173 2175 veneria
193 2106 224 2170 in
245 2126 378 2192 operum
398 2104 549 2172 transfert
569 2106 839 2191 exercitationem.
886 2150 889 2155 -
1167 2116 1170 2121 '

129 2192 159 2265 9.
202 2191 268 2256 Per
287 2190 424 2279 Scyllam
445 2189 553 2256 Ulixes
574 2191 729 2259 innocuus
750 2190 893 2271 transiit,
944 2191 999 2256 uia
1019 2188 1181 2276 sapientes

41 2276 142 2344 libido
164 2298 228 2341 non
249 2275 351 2347 vincit,
405 2273 501 2341 Unde
528 2286 561 2343 et
588 2299 719 2344 uxorem
747 2277 900 2346 habuisse
918 2215 1044 2344 'dicitur
1075 2275 1181 2341 Penc-

42 2365 141 2449 lopen
176 2362 400 2442 castissimam,
431 2352 507 2448 quil
541 2365 642 2430 omnis
673 2363 800 2451 sapiens
838 2362 1022 2451 pudicitiam
1052 2377 1225 2428 servarem

43 2450 174 2515 nitatur.
204 2447 262 2525 ,Et
291 2445 334 2511 de
365 2467 405 2510 eo
434 2444 551 2535 aliquid
575 2449 810 2538 ‚expatiandum
846 2456 903 2515 est
955 2446 1182 2536 Polyphemus,
1256 2508 1259 2512 ,

43 2548 84 2600 ut
116 2532 246 2599 Seruius
285 2542 531 2612 commemorat,
572 2533 617 2598 vir
650 2534 933 2621 prudentissimus,
972 2543 1006 2600 et
1040 2534 1082 2597 ob
1121 2531 1185 2596 hoc

44 2617 173 2684 oculum
191 2619 332 2683 nnumin
351 2617 465 2695 fronte,
486 2615 520 2681 id
535 2629 584 2684 est
601 2619 692 2708 juxta
708 2621 875 2686 cerebrum
891 2619 1041 2687 habuisse
1057 2617 1184 2694 dicitur,
1246 2650 1248 2655 v

46 2703 125 2792 quia
154 2703 321 2790 prudentia
351 2703 421 2790 plus
450 2701 587 2769 videbat.
643 2705 728 2770 Hinc
756 2717 789 2772 et
817 2704 1033 2793 Polyphemus
1060 2703 1184 2780 merito,

46 2789 82 2856 id
117 2799 166 2854 est
189 2787 446 2868 ‚multae—ducis
478 2786 583 2854 dictus
615 2789 747 2856 ridetur.
804 2791 923 2857 Verum
956 2789 1066 2855 Ulixes
1099 2788 1228 2853 illumao

49 2873 230 2958 superarit3
250 2871 389 2959 ideoque
409 2883 493 2938 eum‘
505 2895 657 2945 caecasse
678 2877 819 2961 lingitur,
861 2873 952 2959 Idem
971 2875 1078 2939 Ulixes
1095 2871 1186 2960 quasi

22 3020 29 3029 .
48 2958 137 3028 ὅλων,
158 2959 248 3036 ξένος
269 2958 423 3021 omnium
449 2958 659 3045 peregrinus
684 2961 747 3026 dici
769 2960 899 3041 meruit,
931 2961 1006 3045 quia
1034 2957 1188 3045 sapientia

50 3068 71 3110 a
92 3043 189 3111 rebus
205 3044 353 3107 omnibus
374 3041 540 3109 mundanis
560 3048 748 3130 peregrinos
769 3046 854 3113 facit
897 3045 984 3109 Hinc
1005 3055 1071 3116 est,
1099 3041 1187 3128 quod

29 3161 31 3167 ·
51 3127 183 3194 Sirenes
204 3125 437 3195 contemnendo
459 3125 502 3191 ad
522 3140 655 3194 mortem
691 3133 805 3198 dicitur
829 3127 1007 3196 deduxisse.
1058 3129 1187 3194 Sirenes

52 3208 138 3278 enim
159 3211 332 3278 secundum
356 3210 580 3280 fabulamtres
605 3215 747 3295 luerunt,
812 3228 881 3281 arte
902 3215 1058 3294 virgines,
1097 3223 1229 3299 partete

53 3296 221 3375 volucres,
251 3294 381 3363 Acheloi
402 3297 538 3365 lluminis
559 3309 592 3364 et
612 3301 771 3389 Calliopes
787 3240 907 3367 lllusae
927 3300 1019 3365 filiae.
1063 3299 1189 3363 Harum
1264 3332 1267 3339 =

51 3405 119 3450 una
139 3404 237 3460 voce,
268 3381 366 3448 altera
392 3381 495 3464 tibiis,
531 3385 624 3451 tertia
652 3386 720 3475 lyra
748 3388 892 3452 canebat.
942 3384 1053 3449 Primo
1083 3395 1190 3447 autem

46 3470 142 3560 juxta
163 3464 331 3548 Pelorum,
358 3477 431 3554 post
449 3468 481 3534 in
506 3469 555 3535 Ua
577 3470 681 3537 bareis
703 3473 941 3547 habitaverunt,
962 3492 1046 3557 quae
1067 3467 1207 3551 illectos

51 3576 115 3622 suo
150 3564 247 3619 cantu
275 3552 307 3617 in
341 3553 509 3640 naufragia
564 3555 751 3622 educebant.
807 3555 874 3620 Per
908 3553 966 3619 has
1001 3553 1232 3620 transiturusto

52 3640 165 3706 Ulixes
181 3636 281 3705 sociis
304 3658 397 3703 aures
426 3661 502 3706 cera
523 3641 698 3715 obturavit,
731 3664 768 3707 se
788 3637 871 3706 malo
893 3637 1030 3726 alligauit
1049 3638 1190 3705 illaesus·

53 3746 121 3827 que
135 3723 332 3829 pertransiit.
385 3723 481 3797 Quod
511 3723 583 3789 illae
599 3728 740 3811 graviter
762 3728 928 3801 ferentes,
953 3723 1071 3790 doloris
1091 3725 1192 3812 impa-
1280 3759 1289 3767 «

52 3821 167 3877 tuentia
200 3822 345 3877 mortuae
382 3821 464 3877 sunt.
520 3811 649 3877 Sirenes
680 3813 778 3898 igitur
817 3809 1000 3896 corporales
1028 3809 1193 3876 illecebras

54 3893 219 3962 evidenter
245 3895 434 3983 designant3
468 3895 554 3961 unde
582 3911 617 3965 et
646 3921 760 3964 nornen
790 3900 968 3983 congruum
998 3907 1194 3973 meruerunt,

52 3980 132 4069 quia
143 3981 328 4068 voluptates
351 3982 532 4071 corporales
553 3981 594 4050 ad
609 4006 646 4050 se
663 3997 787 4053 mentes
802 3982 1013 4071 quorumlibet
1034 3981 1193 4049 trabunt.

55 4068 164 4150 Σειρῶ
189 4084 341 4154 narnque,
379 4080 416 4133 ut
448 4065 600 4148 diximus,
632 4071 733 4134 traho
763 4071 998 4157 interpretatur.
1046 4065 1143 4134 Unde
1161 4078 1235 4133 etus

52 4171 225 4227 arenarum
243 4164 366 4220 tractus
387 4163 490 4242 syrtes
506 4167 739 4243 nuncupantur.
791 4155 926 4245 Sapiens
958 4164 1064 4221 autem
1100 4173 1194 4223 aures
1217 4234 1219 4245 Ι

1183 1097 1220 1146 10
