2632 4658
559 560 561 565 ,
925 547 1056 567 ei

832 707 835 720 Ι
984 713 986 721 ι

627 755 649 777 1·
1035 760 1040 769 t
1230 765 1233 773 ¹

581 834 666 849 a!

604 858 662 877 ι,

887 880 938 901 ἰ

969 982 971 989 .

578 1069 580 1081 l

379 1190 621 1270 NOTAE
683 1185 1038 1265 Gnl'rlcnn

331 1346 383 1425 IN
426 1340 820 1423 MYTHOGRAPHUM
870 1350 1097 1421 nauriunt.
1132 1376 1161 1407 ·.

215 1591 260 1642 De
277 1589 329 1642 diis
350 1570 470 1660 gentium
494 1591 557 1655 etc.)
600 1588 675 1643 Haec
700 1590 833 1658 inscriptio
859 1592 967 1657 quanam
996 1592 1159 1647 auctoritaie
1183 1591 1274 1654 nitetur,

108 1721 115 1733 ι
145 1663 273 1716 incertum
290 1663 409 1728 relinquit
437 1658 504 1726 Maji
526 1654 663 1718 silentium.
699 1661 773 1716 Fulv.
797 1662 904 1714 Ursinus
927 1678 974 1715 suo
1000 1663 1088 1715 codici
1115 1664 1274 1730 inscripsent

145 1736 270 1792 Incertus
288 1731 320 1782 de
337 1732 389 1783 diis
403 1731 532 1802 gentium.
567 1732 633 1785 Item
658 1734 816 1785 recentiores
841 1748 932 1786 manus
953 1731 1013 1788 cod.
1041 1733 1193 1786 Parisiensi
1210 1748 1274 1802 prae·

146 1805 260 1858 fixerunt
276 1803 403 1872 triplicem
420 1804 522 1855 titulum
540 1801 678 1873 Anonymi
694 1802 925 1873 Mytlsologicou,⁴
939 1810 966 1857 et
992 1807 1034 1856 De
1051 1803 1137 1859 idolis
1156 1814 1186 1855 et
1203 1803 1274 1855 cruia

10 1878 39 1959 ¹*
145 1875 298 1947 incognitus
316 1874 440 1929 Arctior.
469 1881 496 1927 et
516 1872 641 1927 Valerius
658 1877 792 1941 Soranus,
815 1875 918 1942 dequo
935 1875 987 1930 vid.
1007 1875 1068 1933 infr.
1087 1892 1112 1928 v.
1134 1879 1184 1929 29.
1219 1873 1273 1928 Coi·

70 3564 73 3573 ¹
151 3565 183 3618 Μ
208 3563 242 3617 Ν.
272 3588 304 3602 -
335 3562 489 3613 nominatur
515 3563 549 3617 L.
572 3592 609 3604 —
631 3567 667 3616 29
693 3561 786 3613 Soloni
811 3562 834 3614 L
859 3561 894 3618 Ν.
931 3560 1018 3627 Maius
1040 3561 1155 3627 conjicit
1187 3556 1279 3614 Sorae

69 3689 74 3693 .
151 3634 206 3689 Sed
238 3635 348 3698 frustrer
382 3634 431 3686 etsi
458 3632 582 3686 Valerius
610 3635 730 3684 Soranus
753 3635 779 3684 iu
803 3635 861 3701 ipsc
889 3633 974 3685 fronte
1000 3631 1099 3684 codicis
1125 3631 1154 3684 N
1181 3633 1279 3700 legatur,

43 3872 44 3877 ¹
152 3851 247 3918 223),
264 3849 333 3902 inter
350 3853 441 3916 poetas
460 3862 585 3914 pauperes
604 3850 645 3898 est
662 3846 731 3915 apud
755 3847 873 3898 Juvenal.
891 3851 924 3911 t,
942 3850 978 3897 80
1003 3849 1031 3896 et
1055 3844 1178 3899 Martini.
1198 3851 1231 3913 4,
1246 3848 1281 3906 il,

127 1986 130 1994 .
145 1946 173 2000 Η
191 1952 219 2000 et
234 1945 259 1999 L
276 1946 358 1999 titulis
375 1944 478 1999 omniuo
502 1951 600 2002 carent.

199 2067 394 2136 ·Prooemium)
411 2069 499 2137 Mojus
514 2067 713 2135 Prohoemiurm
735 2085 802 2137 quae
828 2085 880 2124 vox
902 2069 976 2123 abest
992 2085 1010 2123 a
1025 2072 1100 2124 meis.
1118 2100 1167 2115 -
1184 2072 1204 2123 4
1219 2066 1274 2121 Fuit
1299 2085 1300 2092 ¹

144 2140 188 2191 eir
204 2137 234 2192 in
249 2141 321 2211 Aeg.
339 2140 365 2190 d.
383 2141 407 2194 L
424 2141 459 2193 N.
477 2171 522 2184 -
555 2142 720 2208 Fulgentius,
739 2143 783 2208 qni
801 2143 893 2195 eadem
909 2141 988 2194 tradit
1005 2140 1047 2209 (1,
1071 2141 1113 2210 1.)
1152 2139 1275 2210 Diopires·

146 2217 202 2263 tum
219 2211 452 2265 Lacedaemonium
469 2209 545 2280 hujus
563 2213 716 2265 narrationis
733 2220 864 2266 auctorem
881 2213 985 2278 laudnt,
1010 2229 1090 2279 quern
1109 2210 1192 2281 (exp.
1208 2225 1276 2278 serus·

146 2288 199 2335 snt·
218 2300 245 2350 p.
259 2283 327 2350 770)
347 2282 379 2334 de
396 2283 481 2347 sacris
497 2283 604 2335 deorum
618 2285 758 2352 scripsisse
781 2285 876 2349 reiert3
901 2285 934 2338 ci.
957 2284 1035 2338 Voss·
1060 2284 1095 2337 de
1119 2281 1186 2338 hist.
1202 2279 1275 2338 Gne

167 2357 253 2407 ,aaa
267 2375 312 2392 -·
329 2359 346 2413 5
364 2353 420 2405 Hic
436 2353 546 2421 habuit)
565 2353 665 2407 habens
682 2355 716 2410 L.
733 2386 777 2400 -
795 2355 913 2426 Contigit
930 2362 1022 2406 autem
1038 2354 1080 2420 L;
1107 2355 1180 2407 mori
1192 2352 1276 2420 filium

146 2372 184 2480 ii.
201 2454 246 2467 -
262 2423 439 2493 iytriotiliae
465 2443 531 2477 snae
556 2427 589 2484 L.
606 2432 678 2478 -8
702 2426 805 2478 invenit
824 2427 918 2496 potius
946 2425 998 2477 dol.
1021 2442 1087 2476 aem.
1111 2425 1138 2477 L
1163 2425 1200 2481 N.
1216 2427 1276 2479 -ιθ

147 2494 250 2548 dictum
265 2502 306 2546 est
324 2494 424 2548 idolum
441 2497 465 2550 L
483 2497 518 2550 N.
536 2526 573 2539 -
607 2498 687 2550 Addit
704 2498 824 2564 Fulgent.
842 2490 973 2549 udosdulo
990 2497 1034 2560 G,
1052 2494 1100 2548 YA
1115 2493 1278 2549 ocAOAor

80 2568 84 2577 '
144 2565 189 2630 E3
206 2568 285 2632 vulgo
301 2562 436 2628 idodlnim
455 2570 523 2622 unde
542 2567 654 2622 editores
671 2571 801 2622 licuerunt
823 2561 891 2624 εἶδος
909 2560 1010 2638 ὀδύνης.
1028 2593 1066 2606 ··-
1087 2571 1123 2620 1⁰
1140 2580 1277 2637 possumus

146 2637 232 2689 dicere
248 2638 272 2688 L
291 2636 325 2692 N.
342 2664 379 2680 ·-
396 2638 511 2705 domini)
528 2655 580 2692 otu.
600 2640 634 2692 N·
650 2671 686 2684 -
702 2641 731 2692 in
748 2638 855 2694 adulat.
874 2638 971 2690 donnini
990 2638 1024 2696 L.
1041 2663 1080 2677 ·-
1096 2642 1131 2690 11
1150 2635 1278 2707 plectebat

148 2729 178 2762 ;.
198 2706 328 2776 offerebat
343 2739 365 2760 .·
380 2707 554 2761 succendebat
569 2711 690 2764 1..-13
709 2728 727 2760 a
744 2709 846 2762 domino
862 2708 967 2762 veniam
984 2710 1015 2762 Μ
1027 2707 1111 2761 Ν.-·
1130 2713 1168 2762 14
1186 2706 1278 2760 timorit

144 2779 240 2850 potius
258 2779 308 2842 M3
320 2778 415 2845 potius
433 2779 572 2833 timorieL
595 2780 691 2839 N.—
710 2781 882 2849 dictumest)
904 2797 942 2834 sc.
960 2796 977 2833 a
993 2782 1100 2838 Petron.
1128 2781 1164 2833 ir.
1190 2798 1218 2849 p.
1235 2780 1278 2832 ota

148 2849 239 2905 Burin.
258 2848 300 2900 ed·
319 2836 355 2902 Ii.
372 2879 416 2893 -
433 2854 468 2903 16
484 2850 575 2918 cultu)
593 2851 703 2902 cultura
720 2853 751 2905 M
769 2853 810 2916 N3
837 2851 972 2903 culturom
987 2853 1020 2916 1..
1039 2883 1076 2894 -
1096 2854 1134 2904 18
1151 2851 1278 2919 'recipien-

147 2920 196 2972 dos
213 2936 269 2972 erse
286 2920 310 2973 L
329 2920 365 2974 N.
382 2950 419 2962 -
434 2922 678 2987 consueveruntfl.
693 2951 730 2965 -
747 2928 781 2975 19
806 2923 938 2974 orationis
956 2925 992 2978 H.
1009 2950 1045 2961 —
1065 2940 1107 2974 as.
1134 2922 1280 2974 auctoritas

111 2998 131 3023 Η
149 2991 283 3058 ducirN,
302 2991 391 3046 sedin
408 3008 511 3052 rasura,
542 2994 603 3065 quia
626 2990 697 3047 totus
720 2996 800 3048 locus=
816 3010 937 3062 perverso
961 2995 1051 3047 ordine
1081 3001 1209 3057 exemtus
1231 2993 1278 3045 iue-

153 3077 203 3122 rat.
220 3097 263 3110 -
277 3068 315 3116 20
332 3063 425 3116 dicunt
442 3082 488 3117 un.
507 3064 533 3121 d.
551 3083 573 3116 e.
592 3065 625 3120 L.
642 3095 686 3108 -
702 3069 736 3118 21
765 3065 862 3116 eisdem
887 3065 918 3118 M
934 3063 958 3118 L
976 3066 1001 3118 N
1020 3071 1177 3119 constanter
1193 3095 1236 3109 -
1250 3065 1278 3115 Ἠ

151 3138 221 3211 quo)
238 3138 304 3208 qnia
321 3135 355 3190 N.
371 3131 417 3178 ''-
432 3139 468 3187 23
485 3135 561 3201 irem)
580 3152 632 3192 oru.
651 3135 675 3188 L
694 3136 738 3202 N3
751 3135 819 3187 idem
836 3137 873 3193 Η.
892 3165 928 3178 -
952 3145 1129 3203 noncupatur
1157 3136 1185 3188 L
1202 3135 1236 3192 N.
1250 3159 1278 3176 ι-

149 3208 228 3275 enim)
247 3223 299 3260 om·
316 3207 356 3264 Μ.
373 3234 410 3248 -
425 3209 462 3258 24
481 3206 597 3260 Vitimuc
615 3206 681 3278 quia
706 3227 732 3261 v.
749 3217 880 3274 praestat
896 3207 923 3259 N
928 3226 937 3272 ;
967 3235 1004 3248 -
1024 3206 1168 3259 Vitimnus
1192 3207 1278 3260 11..-

150 3283 188 3333 24
205 3277 334 3330 Senrniuc
350 3280 384 3333 L.
402 3303 446 3320 ·-·-
462 3277 527 3347 quia
544 3277 578 3332 N.
594 3305 631 3319 -
666 3279 706 3332 De
732 3279 856 3333 vitumno
880 3284 908 3330 et
932 3279 1040 3331 Seutiuo
1066 3277 1121 3330 vid.
1151 3274 1279 3345 Δημώ.

93 3384 99 3389 ·
149 3351 234 3404 (1.1).
251 3353 284 3415 1,
302 3352 329 3405 3.
346 3378 383 3393 ·-
399 3351 435 3400 25
447 3348 554 3417 jupiter
569 3346 630 3402 HN
648 3356 802 3403 constanter.
819 3381 856 3393 -
872 3348 966 3406 latere.
977 3347 1015 3404 Η.
1030 3376 1070 3390 -
1086 3352 1125 3400 ΞΘ
1143 3348 1220 3417 alia)
1236 3360 1279 3403 οΙι

149 3423 185 3479 Ι...
202 3447 238 3461 -
255 3429 394 3542 postquam
406 3417 601 3488 plurimorum)
618 3421 698 3491 quoni
715 3421 858 3472 multorum
875 3419 910 3474 N.
926 3446 963 3460 -
977 3423 1016 3471 '27
1038 3420 1080 3486 ct)
1096 3417 1184 3471 eriam
1201 3419 1236 3476 Ν.
1250 3440 1279 3461 -·

131 3514 132 3523 ’
153 3511 226 3545 unus
242 3491 253 3542 i
272 3496 311 3542 em
328 3508 382 3542 non
397 3509 419 3544 s.
436 3488 471 3542 Ν.
489 3516 524 3530 -
541 3492 660 3563 idemque
679 3492 744 3541 deus
760 3492 793 3549 Ι..
809 3519 846 3531 -
862 3494 900 3541 28
927 3489 975 3542 sed
990 3498 1018 3541 et
1035 3489 1144 3542 diverso
1163 3508 1199 3542 ac
1214 3486 1278 3542 eoric

151 3714 281 3775 tamquam
309 3705 386 3772 hujus
423 3705 510 3772 operis
532 3712 630 3757 auctor.
655 3730 691 3742 -
725 3704 845 3758 Valerius
870 3705 1020 3766 Serranus,
1047 3703 1128 3769 cujus
1157 3710 1279 3757 αῑανοιι

152 3778 262 3830 serendo
280 3792 373 3830 nomeu
390 3776 500 3828 traxisse
517 3775 628 3827 affirmat
645 3774 736 3828 Heius.
754 3775 787 3826 ad
806 3765 880 3842 Vi'rg.
900 3777 948 3827 de.
965 3779 997 3838 6,
1015 3777 1070 3826 845
1090 3772 1150 3840 (Gi.
1169 3770 1280 3842 myth-l.

152 3922 187 3987 ὃς
205 3919 253 3987 (cl.
271 3918 419 3972 Frotsclrer.
442 3918 476 3968 ad
494 3919 619 3974 Quinctil.
647 3917 669 3970 1.
688 3916 735 3970 Or.
764 3921 798 3969 10
816 3935 842 3985 p.
859 3921 928 3982 228,
947 3922 975 3968 et
998 3913 1082 3972 schol.
1108 3916 1145 3968 sd
1158 3917 1222 3972 Juv.
1237 3914 1281 3968 tt
1308 3895 1316 3964 i

173 3994 251 4044 Aeo
268 3991 385 4058 emm.);
412 3987 481 4056 apud
497 3991 569 4041 illurn
587 3988 663 4043 codd.
680 3996 707 4040 et
726 3990 859 4050 Sarrano,
887 3993 914 4039 ct
930 3990 1036 4039 Sorano
1051 3992 1080 4038 et
1099 3989 1228 4041 &arnono
1243 4000 1282 4040 ex·

152 4011 251 4127 Liberti.
273 4089 310 4102 ·-
331 4060 471 4129 repertor.)
508 4061 599 4115 Malim
627 4068 739 4115 creator.
762 4086 798 4124 ε-
838 4059 936 4128 Unda).
977 4057 1079 4110 Versus
1102 4073 1181 4127 seqq.
1206 4059 1283 4112 exta!

154 4134 234 4187 etiam
258 4148 299 4202 ap.
323 4135 396 4185 Serv.
420 4129 453 4182 ad
478 4131 526 4188 Ae.
551 4136 583 4194 4,
607 4135 669 4183 638.
692 4154 727 4168 --
752 4130 823 4197 mec)
852 4145 903 4182 om.
925 4129 958 4181 D.
982 4154 1017 4169 -
1037 4121 1187 4180 daeiicolae
1204 4122 1282 4198 magni

155 4205 187 4259 C.
202 4231 237 4244 —
255 4207 290 4276 34
309 4203 426 4269 diversa)
452 4202 539 4257 diviso
565 4203 639 4256 Gi).
658 4229 693 4243 --
710 4203 747 4254 32
769 4200 856 4252 oratio
873 4199 956 4265 ..lovis
979 4199 1004 4255 N
1030 4199 1064 4253 L·
1085 4227 1122 4241 -
1140 4205 1179 4255 33
1205 4196 1282 4274 quos}
1307 4206 1312 4239 ἰ
