2632 4658
36 138 41 143 ⁴
132 189 213 265 sca
419 308 425 319 ,
478 187 666 292 orqnogr.
694 188 767 265 ιιι.
820 187 873 264 ss
914 187 958 273 o..

134 384 166 442 et
194 373 278 439 hanc
305 370 383 440 dant
410 370 533 462 physici
558 371 734 449 rationem,
768 368 857 460 qnod
891 368 996 459 aqnlla
1027 392 1090 460 per
1123 378 1271 440 naturam

133 461 218 526 nimii
241 469 291 525 est
311 457 443 538 caloris,
474 457 557 524 adeo
578 468 614 524 nt
632 468 667 524 et
687 478 768 536 ora,
797 457 911 556 quibus
933 456 1140 545 supersedet,
1169 458 1273 545 possit

135 568 291 632 coquere,
329 544 389 610 nisi
423 564 468 631 ga
495 556 586 618 aten,
621 541 758 629 lapidem
795 541 1052 689 tmqidissimum,
1092 542 1271 609 admoveat.

56 698 62 715 ,
135 628 234 707 Unde
254 630 424 696 Lucanus:
489 637 567 693 oeta
597 624 775 715 tepefacto
804 650 845 689 so
888 625 977 691 alito
998 649 1098 691 soso.
1141 626 1272 695 Addunt

111 717 249 795 ostiam,
278 712 361 782 adeo
383 727 512 780 acutum
533 733 606 779 esse
627 735 646 778 a
669 710 752 777 oilae
772 712 935 791 intuitum,
965 721 1002 779 nt
1042 734 1080 779 ro
1102 710 1271 805 fulgentis·

135 801 221 868 simis
242 800 315 867 solis
335 799 430 866 radiis
451 820 624 886 numquam
645 735 798 865 deflectat
813 797 977 864 obtuiturn.
1056 808 1142 865 atres
1165 800 1270 877 etiam,

134 897 172 954 ut
197 886 300 974 ajunt,
353 885 432 952 ullos
461 906 536 951 suos
566 892 681 950 contra
711 882 785 950 solis
813 895 919 950 ortum
952 882 1145 963 obvertunt,
1178 896 1226 953 nt·
1243 885 1269 951 sl

133 972 166 1036 in
186 971 273 1059 ipsos
296 910 369 1038 solis
392 967 499 1037 radios
520 970 637 1037 lumina
658 970 762 1069 figere
781 967 1001 1049 sustinuerint,
1033 968 1067 1034 in
1093 968 1190 1037 vitam
1219 991 1271 1036 rs-

135 1064 316 1207 qqrbentur,
341 1057 370 1124 'si
391 1078 473 1136 non,
501 1054 614 1125 auido
637 1052 834 1145 depoiantur.
878 1052 976 1120 Unde
994 1053 1204 1135 Lucanusin
1224 1055 1268 1133 tx

93 1153 130 1203 ιο
159 1142 230 1209 cit:
1030 1186 1035 1199 ·
1109 1204 1111 1209 .

77 1258 82 1268 ‚
228 1224 340 1312 thue
360 1220 460 1297 Jovis
477 1221 628 1288 colueris
649 1219 764 1288 calido
785 1244 892 1308 quum
909 1220 1064 1309 protulit
1082 1244 1145 1287 orso
1165 1233 1230 1291 etc.
1308 1302 1310 1311 Ι

132 1312 302 1394 Elemento
321 1307 420 1396 igitur
442 1304 631 1374 calidissimo
653 1317 688 1374 et
706 1305 939 1395 limpidissimo,
961 1306 1107 1376 videlicet
1127 1309 1266 1392 seuere,

132 1396 209 1463 illud
231 1397 296 1462 ales
318 1403 540 1473 consectatur,
595 1391 661 1459 uod
690 1402 723 1482 et
752 1391 859 1459 calore
885 1392 1027 1459 abundat
1053 1404 1087 1460 et
1106 1394 1265 1483 perspicu-

135 1483 242 1548 oitate.
282 1477 381 1553 Quod
411 1500 485 1567 vero
515 1416 637 1565 aquilae
669 1478 887 1544 Romanorum
912 1478 1167 1565 foedataque,
1196 1478 1265 1547 indo

42 1576 46 1581 '
94 1579 242 1634 loortum
259 1565 384 1639 volunt,
407 1564 482 1651 quia
501 1563 584 1629 elcut
608 1563 716 1630 aribus
740 1565 885 1631 omnibus
905 1563 1008 1652 aquila
1026 1586 1180 1655 praeesse
1234 1588 1264 1631 n-

132 1664 240 1730 setur,
272 1651 318 1715 sio
333 1648 471 1715 Romani
492 1646 680 1734 populorum
696 1648 834 1715 omnium
850 1660 884 1717 et
894 1648 1119 1717 desiderabant
1139 1660 1173 1716 et
1189 1674 1210 1717 o
1231 1651 1263 1718 ti·

132 1760 211 1803 nere
239 1737 433 1824 putabantur
462 1733 680 1836 principatum.
733 1734 806 1809 Qua
833 1733 885 1801 de·
907 1757 945 1800 re
976 1747 1082 1803 tamon
1101 1730 1164 1801 'alii
1185 1732 1263 1805 aliud

133 1832 335 1889 censuerunt.
366 1819 513 1922 luppiter
526 1841 620 1899 enim,
641 1831 678 1888 nt
697 1820 872 1903 Anacreon,
890 1820 1126 1908 antiquissimos
1138 1834 1264 1895 ,anoton

133 1909 261 1986 scribit,
294 1928 350 1971 rex
380 1906 482 1972 extitit
513 1905 642 1972 Cretae.
685 1904 746 1980 Qui
778 1905 855 1973 dum
880 1906 1032 1974 adversus
1054 1907 1208 1986 Titanas,
1234 1904 1263 1973 id

90 2006 185 2062 adest
203 1988 311 2060 'l'itabi
332 1990 422 2069 filios,
443 1989 498 2079 qui
519 1991 618 2057 frater
631 1990 760 2057 Saturni
782 1992 904 2066 fuerat,
927 1991 1040 2058 bellum
1063 1993 1264 2080 suscepisset,

104 2125 107 2129 ψ
133 2091 166 2146 et
195 2077 387 2145 sacrificium
408 2076 508 2142 Caelo
532 2075 679 2156 fecisset,
710 2076 746 2141 ln·
770 2077 921 2144 victoriae
950 2078 1125 2167 auspicium
1146 2078 1265 2167 aquilae

63 2196 66 2205 ¹
132 2165 192 2233 sibi
222 2164 337 2231 adesse
365 2183 554 2250 prosperum
583 2161 661 2245 vidit
687 2160 832 2229 volatum.
882 2161 984 2266 Cujus
1016 2187 1114 2252 quum
1142 2165 1264 2231 vicisset

133 2250 287 2335 augurio,
314 2248 347 2312 in
378 2247 477 2333 signis
499 2245 617 2312 bellicis
638 2245 773 2334 aquilam
795 2247 853 2314 sibi
876 2247 953 2316 fem
973 2272 1121 2330 aur·eam;
1139 2261 1175 2317 et
1219 2249 1265 2315 sia

133 2336 308 2436 auspicium
333 2331 409 2397 illud
431 2331 563 2399 victoria
582 2345 753 2401 consecuta
782 2346 849 2415 est,
879 2335 990 2401 lictum
1021 2350 1088 2414 est,
1144 2273 1265 2402 uoclai

89 2421 239 2510 aoaqurla
268 2416 427 2487 dimicanti
456 2417 585 2486 fulmina
613 2418 829 2487 ministrasset
874 2418 971 2486 Unde
999 2435 1033 2487 et
1060 2444 1080 2486 a
1105 2356 1190 2489 illici
1211 2442 1264 2487 au·

28 2551 30 2555 ,
133 2508 229 2594 gurio
251 2516 360 2573 natum
381 2514 448 2583 est,
476 2514 512 2571 ut
538 2503 660 2593 aquilae
680 2503 811 2571 militurn
833 2505 962 2592 signum
983 2507 1184 2584 comitentur.

219 2594 252 2660 5.
293 2588 399 2656 Porro
419 2588 463 2653 de
484 2588 668 2669 Titanibus,
698 2611 741 2655 no
772 2589 814 2656 da
837 2592 876 2658 iis
908 2591 994 2679 quod
1025 2591 1188 2680 politicum
1219 2600 1266 2659 est

134 2679 277 2756 nescias,
311 2674 423 2745 ferunt
445 2696 502 2741 eos
532 2674 659 2741 fabulae
687 2675 729 2741 ab
755 2675 847 2743 irata·
865 2688 979 2744 contra
997 2676 1077 2744 deos
1100 2677 1207 2745 Terra
1226 2675 1266 2745 sd

135 2762 204 2852 ejus
219 2762 367 2829 ultionem
380 2771 575 2847 procreatos.
604 2759 700 2826 Unde
719 2771 750 2827 et
771 2761 915 2843 Titanes
928 2757 996 2832 drrd
1010 2764 1072 2849 τῆς
1083 2766 1212 2843 τίσεως,
1233 2760 1265 2829 id

93 2860 186 2918 coest
205 2848 246 2912 ab
261 2845 393 2910 ultione
414 2844 477 2911 dici
494 2857 687 2913 meruerunt.
719 2846 773 2911 De
794 2844 841 2913 bis
863 2860 970 2917 autem
990 2848 1075 2915 solus
1094 2848 1152 2916 Sol
1174 2848 1268 2917 absti-

120 2932 241 2999 nuisse
268 2941 415 2997 namatur
440 2932 482 2997 ab
508 2930 621 3021 injuria
650 2932 822 2998 numinum.
865 2932 963 2999 Unde
994 2944 1028 3001 et
1048 2933 1173 3001 caelum
1201 2956 1266 3003 ma-

133 3019 213 3098 ruit,
233 3026 268 3084 et
285 3014 449 3105 pristinum
470 3015 714 3097 adhucmomen
735 3027 840 3096 tenet;
861 3018 959 3086 'litun
979 3018 1064 3087 enim
1081 3018 1266 3109 appellatbr.
1307 3090 1310 3109 ⁶

135 3103 358 3192 Ganymedem
380 3102 473 3168 etiam
495 3102 658 3193 luppiter,
688 3103 787 3170 'troili
813 3103 1026 3194 Trojanoruro
1048 3107 1136 3192 regis
1159 3106 1267 3187 filium,
1307 3114 1310 3145 ¹

135 3191 184 3256 his
206 3189 304 3276 signis
328 3189 569 3274 praeeuntibus,
598 3189 792 3255 lateralium
836 3190 964 3257 raedam
990 3190 1132 3258 bellicam
1153 3192 1268 3281 rapuit.
1308 3224 1310 3273 ;

92 3276 232 3343 ao'Unde
252 3297 288 3340 se
308 3273 340 3338 in
362 3273 495 3359 aquilam
518 3274 560 3340 ad
588 3296 659 3339 enm
681 3276 790 3362 rapien
815 3296 868 3339 nm
892 3275 1008 3344 dicitur
1029 3286 1267 3346 transmutasse.

135 3364 222 3427 Sane
249 3356 455 3447 Ganymedes
493 3359 524 3424 in
555 3360 677 3427 caelum
701 3359 793 3447 juxta
822 3359 964 3438 ¹fabulam
995 3360 1186 3444 translatus,
1227 3359 1267 3429 ad
1295 3394 1310 3433 ,ν

135 3446 338 3514 ministerium
360 3443 547 3533 poculorum
570 3445 731 3513 adbibitus
750 3444 875 3529 dicitur.
917 3447 980 3512 Est
1000 3448 1081 3513 enim
1104 3449 1268 3537 Ganyme·

133 3533 245 3598 medes
273 3532 417 3619 signum,
450 3530 537 3617 quod
559 3531 731 3620 Aquarium
754 3530 905 3612 dicimus,
936 3532 1023 3620 quod
1045 3544 1175 3601 constat
1196 3555 1280 3610 msc,

136 3620 317 3708 pluviosam.
368 3615 535 3705 Europam
569 3639 696 3706 quoquc
722 3619 754 3685 in
785 3617 892 3705 specie
920 3618 1058 3698 taurina,
1094 3617 1128 3685 id
1160 3633 1212 3688 est
1236 3620 1268 3685 in
1308 3658 1310 3685 ι

94 3706 207 3770 conavi
250 3705 382 3770 loturam
404 3702 660 3780 tauri'habente,
682 3713 718 3772 et
736 3702 853 3769 Isidem
874 3703 906 3767 in
934 3705 1082 3786 vaccina,
1109 3703 1143 3770 id
1167 3716 1217 3772 est
1236 3704 1267 3769 in

136 3792 206 3857 novi
226 3728 359 3879 [ujusce
379 3788 538 3875 picturae,
568 3789 707 3856 similiter
732 3788 913 3878 asportavit
954 3790 1038 3875 Daoi
1062 3810 1119 3869 ue,
1147 3802 1186 3858 ut
1207 3788 1268 3857 hoo
1308 3866 1310 3873 ¹

135 3872 406 3951 contumerias,
437 3876 596 3963 navigium
620 3874 713 3944 Isidis
735 3879 901 3965 Aegyptus
925 3874 1008 3943 colit
1083 3881 1167 3941 arrad
1187 3898 1267 3964 quo-

134 3985 215 4048 quo,
233 3960 359 4047 ,Acrisii
386 3958 467 4036 filla,
498 3961 540 4050 ad
568 3963 743 4030 castitatem
773 3961 925 4029 tuendam
955 3983 1067 4042 aerea,
1103 3950 1148 4029 n(
1168 3960 1268 4042 a'unt,
1309 3956 1310 3967 ’

135 4060 223 4114 turre
243 4048 382 4124 inclusa,
403 4068 482 4113 auro
505 4046 643 4138 quidem,
663 4070 726 4114 non
748 4069 846 4114 aureo
869 4047 969 4114 imbre
992 4048 1033 4115 ab
1055 4044 1171 4113 eodem
1184 3987 1268 4115 dore

93 4140 286 4286 45cprrupt‘p
307 4146 364 4204 est
408 4131 505 4199 Unde
532 4134 696 4222 eleganter
726 4133 897 4204 Horatius:
934 4133 1100 4201 Conversa
1125 4132 1165 4198 irz
1184 4154 1268 4223 prs·

135 4233 226 4286 trum
265 4231 329 4288 eo.
687 4242 700 4259 ·
