2616 4658
257 140 266 166 ··
348 141 689 253 ’ΜμιωθηιμιιιΧ
728 144 769 218 s.
812 145 894 222 a·
991 111 1035 133 ''
1100 146 1181 224 aas
1223 156 1238 166 ··

41 328 194 418 gotiatori
223 328 360 394 maximo
381 326 574 414 'linguarum
602 324 750 394 dissertio
783 327 835 394 sit.
852 330 1052 398 necessaria'
1097 330 1178 397 Ideo

40 435 230 503 superorum
253 425 286 479 et
305 413 480 479 inferorum
497 412 744 502 internuntium,
777 412 850 498 quia
871 423 974 483 terras
996 428 1179 504 peragrant,

39 502 131 567 inare
152 497 330 585 ascendunt
352 510 386 564 et
406 496 610 567 transfretant
630 497 841 584 negotiantes.
881 499 992 567 Deum
1011 524 1083 569 esse
1106 501 1181 568 furti

40 584 75 652 et
95 584 199 670 ipsum
228 583 349 662 furem,
388 582 476 669 quod
507 592 701 650 mercatores
732 581 880 684 perjuriis
910 586 976 659 suis
991 579 1028 654 'et
1051 585 1179 655 fallaciis
1207 644 1208 649 ,

39 668 354 754 aliosdecipientes,
376 667 502 733 minime
524 691 545 733 a
567 666 688 734 furibus
710 666 835 740 drstcnt
879 669 975 735 Unde
996 684 1029 739 et
1045 676 1204 756 Argums

39 755 142 821 oculis
164 755 194 820 ei
216 754 297 841 falce
319 754 435 831 erutis,
472 752 588 820 dicitur
609 752 784 834 occidisse,
818 754 904 840 qnod
925 756 1126 841 astutifures
1149 769 1182 824 et
1289 764 1291 769 ⁴

39 840 178 907 falcatae
200 838 355 925 versutiae
377 837 458 914 dolis
479 838 627 905 instructi
644 839 865 925 negotiatores
886 863 985 927 saepe
1007 842 1102 929 etiam
1129 864 1180 907 aa·

38 925 251 1015 pientissimos
274 924 374 1004 viros,
402 923 460 988 sed
481 921 653 991 saecularis
672 922 851 1014 ‘calliditatis
872 949 1001 1005 vacuos,
1022 925 1183 1013 decipiant

38 1024 77 1077 et
96 1008 297 1076 defraudent.
351 1018 457 1095 Argus
481 1030 617 1098 namque
636 1032 767 1075 vocans
784 1009 1017 1098 interpretatur.
1071 1010 1180 1078 Gallus

38 1097 112 1184 ejus
141 1094 313 1197 deputatur
345 1093 531 1172 custodiae,
573 1093 660 1244 quod
687 1093 769 1158 haec
803 1095 868 1161 avis
896 1098 1034 1161 maxime
1066 1096 1251 1162 horamtn·

38 1179 197 1267 surgendi
234 1180 482 1255 mercatoribus,
546 1179 579 1244 ui
604 1186 640 1245 ds
680 1190 824 1265 praeest,
872 1178 1027 1247 denotare
1074 1180 1180 1246 videa-

39 1280 106 1341 tur.
165 1265 298 1352 Virgam
320 1202 602 1343 'ideosenundnm
635 1263 818 1349 Remigium
841 1265 920 1346 fert,
965 1263 1051 1353 quod
1074 1289 1181 1332 sermo

39 1348 212 1416 facundiae
233 1360 323 1416 recto
352 1349 481 1416 tationis
501 1350 628 1416 tramite
651 1360 684 1414 et
711 1351 922 1436 promtissima
948 1351 1180 1437 pronuntiatur.
1215 1380 1218 1396 ·
1287 1367 1296 1375 ‘

37 1435 135 1503 Ideo..
144 1436 342 1526 serpentibus
362 1434 508 1503 innexam
530 1445 564 1501 et
585 1433 762 1501 caduceum
783 1434 915 1514 dictam,
937 1436 1023 1522 quod
1046 1434 1181 1511 rhetoris

36 1544 148 1603 sermo
186 1522 269 1587 inter
304 1542 477 1587 venenosas
523 1519 774 1587 adversariorum
814 1520 1007 1607 litigationes
1045 1521 1224 1607 medinsrs

38 1612 204 1683 currens,
231 1628 357 1672 omnem
377 1606 477 1672 rixam
500 1605 618 1673 cadere
639 1616 754 1691 cogat,
781 1629 902 1694 eosque
923 1607 981 1672 sibi
1005 1605 1180 1672 adinvicem

35 1691 235 1772 ¹reconciliet.
263 1691 375 1766 ‚Nam
410 1690 562 1758 bellantes
605 1690 794 1756 disertorum
835 1693 977 1757 oratione
1019 1690 1180 1760 sedantur.

39 1766 140 1842 Unde
176 1775 353 1842 secundum
392 1776 516 1842 Livium
559 1774 656 1875 legati
696 1775 1180 1865 caduceatores,appellantur.
1268 1794 1271 1799 ’

41 1861 137 1926 Sicut
157 1861 240 1924 enim
261 1881 319 1946 per
340 1859 469 1932 feciales
493 1859 573 1924 bella
593 1858 833 1937 indicebantur,
854 1859 898 1924 ita
920 1883 980 1946 pax
1002 1884 1059 1948 per
1079 1860 1180 1926 cadu-
1267 1918 1272 1943 ,

41 1959 190 2010 ceatores
211 1945 475 2031 componebatur.
531 1943 629 2017 Quod
653 1943 735 2007 enim
762 1941 1223 2031 ideoMercurius‘virgamao

42 2031 131 2094 ferre
152 2041 291 2115 putetur,
311 2030 385 2116 quia
404 2028 492 2097 sidus
513 2027 663 2099 Mercurii
683 2047 757 2106 non,
776 2027 858 2096 sicut
875 2028 1004 2116 quidam
1024 2030 1179 2119 planetae,

41 2137 103 2203 per
134 2113 297 2180 anfractus
326 2112 470 2180 absidum
502 2111 647 2192 incedat,
686 2112 1087 2201 quandocumque,
1122 2114 1189 2181 sed·
1272 2182 1278 2192 ,

42 2200 168 2265 directo
191 2199 312 2265 feratur
334 2199 475 2277 tramite,
510 2209 584 2266 octo
606 2211 710 2266 tamen
735 2211 840 2286 partes
860 2198 1029 2266 latitudinis
1058 2199 1187 2266 zodiaci'
1260 2280 1269 2288 „

39 2298 203 2372 tangens,
226 2306 291 2371 ego
313 2283 442 2370 quidem
463 2306 525 2349 non
547 2286 673 2372 probo·
708 2285 760 2351 Ex
782 2307 845 2371 quo
863 2285 945 2350 enim
967 2285 1092 2374 planeta
1113 2286 1182 2372 qui·
1208 2303 1211 2308 '

40 2358 120 2437 libet
143 2370 349 2458 ,plusquam
379 2391 475 2436 unam
504 2370 536 2435 in
572 2367 736 2436 latitudine
768 2369 891 2453 zodiaci
922 2370 964 2434 de
999 2371 1063 2437 XII
1093 2370 1223 2444 lineinas

11 2520 18 2532 ,
41 2453 171 2536 transit,
202 2465 292 2522 recto
314 2455 440 2523 tramite
462 2453 642 2544 procedere
663 2477 727 2520 non
752 2465 802 2521 est
828 2453 1020 2543 putandus.-
1048 2456 1182 2543 Virgam

38 2541 125 2607 illam
143 2562 316 2608 memorem
339 2540 475 2631 appellat
508 2540 701 2629 Martianus,
735 2540 811 2629 quia
831 2562 936 2606 sermo
957 2540 1118 2628 quaelihet
1137 2540 1182 2607 ad

34 2625 227 2693 memoriam
263 2624 361 2695 ducit.
412 2625 465 2692 Ea
497 2625 594 2692 etiam
619 2649 765 2692 somnum
798 2624 864 2692 dat*
882 2636 914 2693 et
943 2626 1070 2701 adimit,
1104 2629 1180 2729 quia

41 2732 149 2799 sermo
170 2711 356 2799 ingeniosus
389 2708 459 2780 lites
480 2710 573 2790 alias,
606 2723 643 2778 ut
664 2711 816 2790 diximus,
851 2711 950 2798 sopit,
983 2712 1059 2778 alias
1082 2723 1179 2778 eham
1266 2718 1271 2727 ’

39 2819 281 2884 nonnumquam
302 2795 427 2865 excitat.
471 2797 576 2887 Vitam
596 2797 725 2885 quoque
746 2795 879 2882 largitur
901 2807 934 2863 et
956 2799 1071 2872 aufert,
1091 2797 1223 2885 quodso
1266 2801 1276 2813 “

38 2883 129 2951 idem
149 2882 313 2949 rhetorum
326 2905 431 2950 sermo
451 2881 484 2946 in
506 2881 610 2948 causis
632 2882 716 2947 hunc
735 2882 857 2961 liberat,
878 2880 963 2946 hunc
978 2883 1180 2950 condemnat.

15 3008 21 3014 ·
129 2966 160 3033 4.
203 2964 271 3034 Sed
305 2978 338 3034 et
370 2967 516 3054 galerum
544 2967 672 3034 *hahere
704 2967 818 3033 dicitur
847 2987 905 3053 pro
928 2979 977 3033 ter
1011 2967 1180 3032 involutam
1231 2989 1239 2997 ·

39 3054 212 3137 verborum
235 3051 480 3130 obscuritatem·
520 3051 592 3116 Nec
614 3055 653 3117 ab
675 3052 723 3117 his
768 3049 876 3116 uidem
928 3052 1036 3137 emigii
1059 3051 1202 3118 dissem-

38 3139 83 3208 tit
104 3139 293 3216 auctoritas,
328 3136 487 3225 potentias
517 3137 668 3202 Mercurii
689 3075 834 3220 adhaec
854 3138 949 3202 verba
970 3136 1178 3220 designantis.

38 3223 197 3302 Themis,
217 3224 326 3311 inquit,
347 3220 542 3288 obscuritas
565 3222 612 3286 vel
632 3221 747 3313 caligo
767 3222 1012 3309 interpretatnr;
1034 3221 1220 3306 Erigoneot

37 3307 219 3376 contentio
238 3308 288 3374 sel
307 3307 463 3395 litigosa.
512 3304 589 3373 Hae
611 3306 796 3394 plerumque
816 3306 966 3373 Mercurii
986 3319 1059 3373 sunt
1081 3307 1179 3372 comi-
1303 3322 1305 3327 ’

37 3409 115 3472 tes,
130 3474 131 3478 Ἰ
144 3390 220 3479 quia
239 3393 321 3459 haec
341 3390 462 3458 rhetori
483 3392 678 3459 conveniunt
722 3393 838 3458 Sermo
860 3415 997 3479 namque
1016 3390 1178 3481 rhetorum
1240 3412 1243 3418 ·

38 3476 216 3566 aliquando
236 3479 395 3545 obscurus
413 3487 479 3553 est,
507 3476 676 3564 aliquando
699 3477 821 3556 clarus,
853 3499 1087 3561 nonnumquam
1108 3476 1178 3541 lites

24 3562 77 3635 ¹et
106 3563 218 3653 jurgia
240 3570 419 3667 provocat.
472 3560 539 3626 Per
566 3560 718 3647 geminos
747 3574 944 3649 serpentes,
963 3563 1077 3648 quibus
1111 3561 1179 3664 ejus

36 3650 214 3734 innectitur
235 3670 342 3736 urge,
367 3668 525 3712 venenosa
547 3660 580 3713 et
600 3658 694 3714 acuta
716 3646 879 3715 rhetorum
900 3647 1049 3712 facundia
1070 3645 1220 3735 desig-to

38 3749 146 3806 natur.
183 3734 315 3810 ,Gemini
337 3735 442 3800 aulem
464 3729 538 3797 iden
560 3743 650 3812 sunt,
670 3729 756 3836 quod
779 3752 884 3799 sermo
905 3733 1068 3799 rhetorum
1089 3728 1179 3798 damss

39 3836 101 3889 nat
122 3833 156 3897 et
177 3820 298 3906 liberat.
354 3817 421 3883 Por
444 3817 566 3904 virgam
588 3840 662 3882 vero
684 3818 757 3884 ideo
770 3815 914 3884 rhetoris
935 3840 1040 3883 sermo
1062 3819 1179 3905 accipi-

40 3925 116 3987 tur,
144 3907 234 3994 quia,
262 3906 346 3972 sicut
367 3903 475 3989 virga,
510 3915 615 3969 rectos
637 3926 708 3971 esse
730 3903 763 3969 e't
783 3901 926 3969 flexibilis
947 3903 978 3967 in
1000 3902 1177 3968 oratoribus
1203 3925 1210 3934 ‘

40 3994 145 4060 debet
161 3992 300 4082 justitiae
331 4001 364 4056 et
391 3986 530 4063 veritatis
564 4001 664 4056 tenor.
726 3987 827 4077 Cujus
860 3988 970 4076 virgae
1002 3996 1101 4073 capnt
1119 4000 1179 4067 ,est
1255 4002 1257 4006 ’

39 4087 210 4153 auratum,
231 4077 368 4157 medium
416 4073 560 4153 faucum,
592 4075 682 4162 picea
704 4074 792 4154 linis,
822 4073 894 4160 qnia
916 4095 1020 4140 sermo
1041 4072 1218 4142 rhetorists

35 4162 296 4259 primoquidem
318 4096 452 4250 pulcher
475 4147 613 4247 ridetur,
646 4158 761 4227 deindo
783 4173 1022 4247 <exasperatum¹
1041 4157 1081 4223 ad
1104 4158 1176 4225 ulti-
