2632 4658
222 198 224 203 ,
329 111 511 215 sayuogr,
537 110 591 186 u.
634 52 730 186 ¹aar
747 155 797 229 ·.··
814 95 906 185 aon·
1111 112 1189 202 aar

419 297 527 374 187.
596 267 813 371 Oebalus.
1065 276 1069 293 ¹

104 455 107 460 ¹
142 427 283 495 Oebalus
303 422 381 494 filius
404 427 461 496 fnit
482 426 613 497 'l'elonis
633 436 667 495 et
687 422 856 515 Nymphas
876 421 1105 508 888818τὶ1119.4
1127 429 1191 504 Qui

57 511 168 593 Telon,
183 514 237 580 diu
257 511 403 599 regnavit
421 511 508 614 opud
536 513 699 600 Capreas,
736 506 868 576 insulam
890 510 1001 585 oont'ra
1022 511 1189 600 Neapolim

57 601 161 667 sitam.
205 596 302 665 Filius
326 620 399 664 vero
420 622 509 690 ejus,
536 596 635 686 patris
656 614 720 662 non
740 603 908 661 contentus
923 594 1072 685 irnperio,
1105 613 1190 681 tran-

58 686 111 752 siit
131 683 174 750 ad
195 684 435 771 Campaniam*
448 696 482 753 et
499 683 603 753 multis
623 677 747 772 populis
767 677 963 769 subjugatis,
996 703 1090 750 suurn
1110 682 1212 751 dila-o

58 769 138 839 tavit
156 768 330 858 Imperium.
407 805 411 810 -
1225 803 1237 827 s
1279 797 1281 802 ·

360 982 378 1053 ’,
453 964 546 1044 188.
605 967 797 1046 Maleus.
876 1030 878 1036 .

124 1090 267 1167 Maleus
295 1096 476 1179 'Pusoorbm
501 1119 560 1188 rex
590 1096 667 1179 suit,
701 1096 756 1186 qui
782 1084 902 1184 primus
930 1085 1039 1165 tubam
1065 1096 1190 1165 invenit

59 1183 94 1251 Is
123 1181 412 1273 quumpiratiesm
442 1196 625 1265 exerceret,
655 1180 690 1253 'et
717 1204 806 1268 mare
830 1183 1071 1271 tempestatibus
1104 1195 1190 1250 esset
1236 1196 1240 1202 ·

60 1270 228 1343 infestum,
258 1279 413 1345 montem,
442 1266 495 1355 qui
519 1290 603 1335 nuno
624 1267 665 1336 ab
687 1290 727 1334 eo
756 1264 859 1333 Malea
886 1280 1035 1351 vocatur,
1063 1265 1223 1335 inseditlt)
1286 1302 1288 1306 ’

61 1354 127 1428 Qui
148 1365 181 1423 et
201 1353 372 1439 Apollinem
392 1351 616 1440 Maleoticum
633 1353 676 1420 de
702 1374 763 1420 auo
792 1351 963 1434 vocabulo,
990 1365 1026 1423 ut
1050 1363 1190 1423 montem

60 1439 166 1526 ipsum
182 1437 341 1535 ‘Maleam
364 1435 541 1505 nominavit.
566 1435 574 1452 “

327 1685 329 1688 ·
437 1636 532 1735 188.
592 1638 807 1717 Codrus.

149 1792 278 1862 Codrus
297 1791 361 1861 (lux
382 1791 615 1859 Atheniensium
637 1792 714 1874 fuit,
748 1793 802 1882 qui
831 1802 902 1861 orto
925 1794 1006 1861 bello
1025 1795 1111 1863 intar'
1125 1796 1190 1863 Ln-

64 1902 163 1946 oonas
196 1891 229 1946 et
256 1878 477 1958 Athenienses,
518 1900 615 1966 quum
652 1877 868 1967 respondisset
898 1879 1077 1954 oruoulur'n,
1113 1881 1260 1946 illoalo»
1313 1953 1315 1965 Ι

64 1987 161 2053 poene
188 1963 344 2040 vincere,
374 1984 519 2051 quorum
545 1963 620 2028 dux
644 1964 813 2050 perisset,
844 1963 953 2031 babitu
982 1965 1089 2030 humili
1118 1986 1192 2051 pro-
1250 2014 1255 2024 .

67 2050 171 2115 sectus
192 2057 241 2114 est
261 2046 303 2113 ad
323 2047 460 2115 hostiurn
489 2046 589 2114 vicina
615 2049 768 2130 tentorio,
798 2059 833 2116 et
858 2047 919 2115 illio
941 2050 1049 2141 jurgio
1078 2072 1135 2116 eos
1160 2051 1193 2116 in

63 2131 317 2284 suamloaedem
343 2131 523 2220 instigavit,
558 2144 594 2201 et
618 2155 638 2201 a
666 2132 750 2200 nullo
783 2133 949 2232 oognitps,
984 2135 1060 2204 feeit
1089 2135 1193 2204 looum

64 2240 203 2286 oraouo.
969 2266 973 2271 .
1139 2247 1143 2250 ·

276 2453 279 2461 ·
350 2448 353 2465 ·
425 2413 518 2492 190.
578 2415 851 2539 liroesnn
1069 2391 1071 2399 Ι
1197 2456 1236 2509 20

153 2577 312 2658 Croesus,
329 2595 384 2640 rex
403 2573 585 2664 Lydorum,
606 2575 772 2664 aliqnando
792 2577 864 2646 ιθ
902 2598 941 2658 o,
974 2596 1056 2665 rege
1075 2576 1193 2644 Persa-

67 2683 157 2742 rum,
179 2672 307 2750 eaptus,
335 2681 418 2746 rogo
437 2661 606 2749 superponi
628 2675 677 2729 est
691 2662 809 2753 jussus.
878 2662 965 2729 ubito
983 2662 1194 2750 tantbpluria

68 2748 156 2814 fecta
177 2761 235 2828 est,
257 2758 293 2814 ut
310 2746 393 2832 ignis
413 2747 668 2833 extingueretur,
690 2747 811 2837 etipse
831 2746 1193 2834 oooasionemlugiendi

69 2831 231 2900 inveniret
272 2832 355 2898 Hoo
370 2848 466 2918 quum
494 2842 604 2919 postea
624 2853 776 2921 prospere
800 2833 859 2899 sibi
879 2834 1020 2899 evenisse
1040 2833 1194 2920 gloriare-

69 2929 140 2998 tur,
154 2929 196 2985 et
214 2938 309 3004 opum
331 2915 538 2983 immensitate
557 2940 593 2983 se
606 2916 753 3007 jactaret,
774 2917 892 2985 dietum
913 2930 962 2985 est
981 2919 1009 2983 ei
1028 2941 1048 2982 u
1065 2917 1233 2998 Solonem

69 3024 136 3068 uno
158 3001 201 3067 de
220 3002 282 3071 Vll
311 3001 520 3086 sapientibus,
549 3023 616 3065 non
636 3001 755 3067 debere
774 3025 978 3092 quemquam
998 3003 1035 3067 ie
1057 3003 1227 3087 divitiis·
1296 3051 1298 3054 -

39 3085 44 3112 ¹
68 3098 104 3151 el
124 3085 413 3174 prosperitatibus,
431 3083 603 3173 gloriari,
624 3109 729 3174 quum
750 3086 964 3167 nesciamus,
990 3086 1075 3175 quid
1092 3108 1195 3151 even-

71 3181 157 3235 turn
189 3173 314 3258 periet
344 3170 429 3234 dies.
476 3167 600 3237 Eadem
635 3183 730 3243 noete
761 3170 839 3240 vidit
864 3172 895 3238 in
927 3171 1072 3247 somniis,
1108 3169 1194 3258 quod

70 3255 159 3321 Jovis
180 3277 250 3323 eum
272 3278 289 3320 a
314 3276 354 3319 ua
375 3253 593 3343 perfunderet,
614 3267 647 3323 et
666 3258 713 3324 sol
733 3257 940 3345 extingueret.
981 3254 1076 3331 Quod
1098 3277 1195 3341 quum

69 3340 156 3406 filiae
175 3360 253 3407 suae
271 3278 414 3408 Pbamae
433 3338 606 3421 nuntiaret,
626 3341 692 3423 illa,
720 3355 756 3411 nt
775 3365 827 3410 res
843 3365 883 3426 ⁴so
904 3342 1029 3416 habuit,
1057 3339 1237 3427 pruden-ao

68 3436 123 3494 ter
142 3426 421 3514 interpretabatur,
442 3425 567 3506 dicens,
599 3427 689 3514 quod
708 3428 746 3492 in
765 3448 864 3493 eruce
883 3436 971 3489 esset
991 3424 1197 3513 affigendus,

69 3505 181 3575 imbre
215 3509 495 3598 persuadendus,
533 3509 602 3575 oole
633 3510 824 3576 siccandos.
881 3508 978 3583 Quod
1014 3520 1125 3595 postea
1150 3509 1196 3578 itta
1272 3558 1273 3562 =

71 3594 226 3684 eontigit3
242 3617 315 3664 nam
336 3615 444 3663 rursus
465 3605 576 3690 captus
597 3605 646 3662 est
666 3616 689 3687 ax
705 3595 792 3684 Cyro
813 3606 847 3663 et
867 3616 1045 3689 suspensus.
1280 3602 1282 3611 ‘

466 3793 556 3872 191.
609 3761 821 3873 Αἰοοιι.ι
880 3853 883 3875 f
941 3765 945 3777 .

52 3980 55 3988 ’
157 3940 266 4017 Aleon*
294 3952 456 4021 Cretensis
488 3922 670 4040 sagittarius
710 3954 776 4022 luit
830 3953 931 4044 (iujos
967 3968 1080 4040 quum'
1099 3927 1238 4025 uiuum

71 4034 172 4103 draeo
193 4035 372 4116 invasisset,
393 4051 481 4106 tanta
501 4051 570 4106 arte
592 4038 707 4106 direxit
725 4040 890 4128 sagittam,
920 4050 954 4106 ut
975 4061 1046 4105 eam
1065 4059 1197 4105 ourrens

67 4122 100 4188 iu
122 4132 301 4210 serpentem
319 4121 496 4211 deligeret,
517 4146 576 4191 neo
597 4137 703 4193 tamen
723 4121 818 4193 filium
836 4125 986 4201 laederet
1123 4161 1126 4165 ·
