2632 4658
344 131 527 263 upum.
555 122 627 239 ιιι.
683 158 759 235 ιιι·
802 102 874 236 ιζ
938 222 939 227 ι
1086 154 1194 237 saa
1260 167 1272 235 ἡ

44 336 122 414 rmis
135 345 332 414 defenderet.
375 347 527 436 Dumque
549 348 580 413 in
596 346 777 415 cubiculum
794 346 970 428 introirent,
991 345 1167 417 reluctante

44 431 176 513 'allade‚
205 432 502 509 Vulcanussemen
524 433 566 509 <in
594 434 805 522 pauimentum
834 431 924 512 ecit,
958 431 1044 499 unde
1072 447 1165 502 natus
1261 478 1271 502 t

44 529 186 621 stpuer
217 517 351 605 pedibus
380 515 582 598 draconteis,
624 519 680 606 q'ui
712 457 940 585 Eridbtlronius
968 517 1073 586 dictus
1104 533 1164 599 est,
1198 576 1199 583 ,

43 624 115 670 uass
151 603 194 669 de
226 615 324 668 terro
352 614 385 670 et
414 603 479 681 lite
511 617 709 690 procreatus.
774 604 860 670 Nam
889 603 983 691 juxte
1016 605 1163 672 Servium

44 684 120 762 sola
141 699 249 768 terro,
269 694 336 776 ἔρις
360 688 408 778 iis
426 686 659 776 interpretatur.
702 688 768 755 Hie
780 687 832 780 ¹ad
852 687 1024 790 tegendam
1044 688 1187 779 pedumo
1234 718 1259 771 g

44 772 241 851 seditatem.
288 773 385 838 rimus
407 793 504 840 curru
526 796 604 840 usus
626 784 684 841 est.
736 772 789 838 De
817 795 944 852 nomme
966 785 1072 847 tamen
1094 775 1163 863 eius

43 859 114 926 liter
143 856 239 926 sentit
265 796 466 946 Vulgentius.
509 861 561 927 Ait
589 861 692 939 enim,
720 867 787 949 ἔρις
818 861 947 924 Graece
968 871 1162 942 'certamem
1264 880 1266 887 ’

44 940 120 1097 ‘dot
141 955 255 1022 terra,
273 943 340 1018 sive
359 936 665 1028 peioocinvidia,
692 942 836 1010 dicitur..
858 945 951 1025 Illum
971 957 1171 1032 conceptum*

69 1051 89 1095 n

91 1028 225 1094 ornain
254 1029 367 1094 cistam
395 1026 578 1108 abscondit,
612 1027 817 1118 draconeque
842 1027 978 1096 custode
1005 1031 1162 1118 apposito,
1186 1107 1189 1118 Ι

44 1116 152 1182 luabus
174 1113 335 1180 sororibus
357 1112 531 1179 Pandorae
561 1124 594 1180 et
624 1115 766 1202 Aglauro
792 1113 1033 1183 commendavit.
1083 1116 1204 1184 Vultu

44 1222 139 1266 anum
171 1199 270 1285 igitur
302 1196 395 1263 intelli
422 1199 432 1262 i
461 1198 627 1270 voluerunt
652 1198 780 1302 suriae
814 1201 944 1289 ignem.
980 1199 1096 1267 'Unde
1129 1212 1163 1270 et

44 1285 184 1352 'meanus
206 1283 382 1349 secundum
435 1282 734 1371 ulgentium'drctus
755 1296 822 1365 est,
842 1285 876 1350 id
898 1287 948 1352 esi
968 1287 1162 1352 voluntatis
1250 1294 1257 1301 “

44 1369 127 1451 olor.
171 1369 320 1454 Denique
338 1379 371 1434 et
390 1367 461 1434 Jovi
481 1368 610 1456 fulgura
630 1370 724 1451 facit,
752 1370 786 1436 id
809 1382 858 1438 est
878 1371 997 1440 civibus
1019 1370 1160 1438 furorem

44 1454 172 1522 oncitat.
225 1453 305 1520 Ideo
338 1453 499 1519 Minervae
528 1457 621 1543 conju
647 1457 711 1522 ium
737 1457 873 1543 appetit,
910 1457 983 1544 quia
1012 1455 1100 1523 furor
1126 1467 1161 1524 et

44 1540 219 1628 npientibus
241 1537 409 1628 aliquando
430 1540 584 1627 subrepit.
623 1478 691 1608 gllla
720 1563 795 1607 vero
822 1542 917 1608 armis
946 1543 1158 1630 virginitatem
1166 1547 1214 1605 ιδ’

45 1623 184 1705 otendit,
216 1625 290 1712 quia
321 1625 421 1690 omnis
442 1626 568 1713 sapiens
591 1625 632 1692 ad
654 1627 870 1714 integritatem
898 1650 1022 1695 morum
1048 1626 1159 1695 delen·

46 1709 162 1777 midam
186 1712 310 1776 ’contra'
338 1708 452 1786 [uriam
484 1711 598 1779 virtute
629 1713 724 1778 animi
758 1711 895 1798 dimicat.
950 1713 1032 1791 Inde
1059 1713 1162 1799 igitur-

44 1797 164 1878 ascitur
184 1795 422 1890 Erichihonium
444 1793 478 1860 id
500 1807 549 1863 est
569 1808 743 1862 certamen
766 1796 921 1862 invidiae
943 1799 1009 1864 sive
1023 1810 1159 1876 terrae3

44 1888 145 1963 errae,
178 1881 324 1969 inquam,
357 1880 430 1967 quia
461 1880 543 1947 sicut
564 1893 651 1946 terra
685 1903 872 1968 corporum,
905 1881 950 1946 sic
979 1893 1012 1948 et
1041 1881 1158 1948 invidia

44 1966 203 2033 lundanae
250 1965 349 2035 loriae
370 1966 547 2031 consumtio
569 1979 626 2033 est.
680 1967 730 2033 -Et
744 1965 836 2053 quid
864 1963 949 2031 aliud
981 1967 1200 2055 subrepeosto

44 2053 195 2139 spientiae
225 1988 336 2129 Vuror,
377 2049 434 2116 nisi
464 2062 626 2116 certamen
665 2051 800 2117 invidiae
863 2063 936 2120 ueat
971 2053 1157 2138 generare?

44 2155 122 2210 [uam
145 2135 273 2226 quidem
307 2133 455 2203 invidiam
484 2136 634 2202 Minerva
658 2137 688 2201 in
719 2139 798 2203 cista
829 2073 1012 2219 abscondit,
1043 2138 1079 2203 id
1107 2150 1176 2206 est.

44 2224 144 2310 tpiens
166 2223 196 2286 in
219 2220 319 2287 corde
343 2221 434 2288 celat
477 2222 612 2310 Sapiens
634 2223 717 2289 enim
738 2222 839 2287 lenior
860 2233 926 2302 est,
957 2236 990 2290 et
1012 2222 1157 2291 dolorem
1291 2298 1293 2309 Ι

44 2331 112 2373 ιιιιιι
138 2306 263 2372 minime
283 2305 445 2393 patefacit.
496 2307 681 2383 Draconem
704 2307 733 2373 ei
755 2304 922 2373 custodem
945 2311 1092 2396 apponit,
1121 2308 1155 2374 id
1183 2336 1187 2348 ·

44 2406 67 2460 tt
90 2391 332 2474 sollicitudinem
348 2398 350 2404 '
364 2391 502 2459 adhibet.
558 2393 644 2459 Eum
674 2393 768 2458 etiam
797 2391 933 2459 duabus·
953 2393 1197 2462 commendatus
1279 2443 1284 2447 -

46 2480 191 2566 rginibus
213 2477 385 2544 Pandorae
405 2487 438 2544 et
458 2477 611 2564 Agburo.
665 2476 816 2544 Pandora
848 2473 924 2543 r‘ero
957 2479 1155 2546 universale

44 2587 162 2643 tunes,
193 2562 333 2651 Aglauro
348 2584 438 2631 ,vero
460 2563 633 2629 tristitiae
653 2560 783 2627 oblivio·
798 2563 1038 2650 interpretatur..
1093 2565 1155 2632 Sa·
1178 2575 1190 2590 ⁴

44 2651 106 2743 ieps
129 2647 211 2715 enim
233 2650 258 2716 si
281 2646 358 2736 quid
380 2649 448 2714 irae
468 2647 517 2712 vel
535 2647 681 2714 rancoris
701 2647 853 2714 adversus
881 2649 1015 2737 aliquem
1037 2662 1154 2738 portat,

44 2763 46 2798 ι
68 2731 118 2799 vel
140 2734 211 2804 beni
240 2734 346 2812 nitati,
368 2756 452 2822 quae
473 2734 611 2799 omnium
633 2733 817 2801 naturaliter
836 2756 949 2800 munus
972 2747 1036 2811 est,
1066 2759 1153 2802 com-
1206 2810 1212 2818 g

44 2818 171 2900 ‚endatf
195 2755 299 2887 idest
320 2842 358 2884 ex
382 2820 577 2904 benignitate
605 2819 764 2906 ignoscit:
796 2818 843 2885 rel
866 2817 941 2886 dum
978 2820 1084 2888 differt
1104 2822 1195 2891 ulto

44 2926 152 2985 onem,
181 2905 331 2972 transfert
350 2905 382 2970 in
403 2905 599 2970 obliuionem.
943 2966 945 2970 Α
1000 2923 1005 2931 ’
1166 2911 1191 2941 “·

99 2991 130 3056 4.
173 2991 260 3056 Sane
280 2989 355 3078 quia
378 2988 422 3055 ‘de
444 2989 587 3055 Vulcano
610 2999 680 3056 orta
703 3000 752 3063 est
772 2989 908 3069 mentio,
929 2989 1097 3074 Remigius
1119 2999 1152 3061 et

44 3076 145 3142 errius
164 3098 236 3162 eum
259 3074 350 3163 quasi
369 3074 571 3152 Volicanum‚
598 3075 771 3139 volantem
793 3075 976 3139 castiorem
995 3076 1151 3163 interpre-

44 3173 130 3227 ntur.
174 3161 308 3227 Ponitur
331 3158 431 3240 enim,
464 3168 500 3224 ut
521 3159 565 3224 ait
585 3157 723 3245 quodam
746 3158 778 3223 in
806 3158 878 3226 loco
901 3160 1086 3246 Remigius,
1117 3161 1149 3224 in
1208 3178 1209 3183 ’

44 3246 121 3311 vecie
152 3246 234 3333 ignis
251 3244 400 3324 terreni,
434 3243 517 3311 sicut
550 3245 638 3311 Jovis
667 3245 699 3310 iu
726 3243 959 3332 significatione
992 3244 1192 3315 caelestinto

44 3329 157 3414 laudus
180 3331 350 3420 fingitur‚'
364 3331 438 3418 quia
457 3328 541 3418 ignis
563 3352 736 3418 numquam
755 3340 862 3414 rectus
883 3330 943 3397 sed
964 3331 1148 3397 anfractuo-

44 3438 66 3482 ιε
87 3408 215 3484 incedit.
269 3415 405 3483 Ponitur
426 3429 459 3483 et
489 3413 649 3482 Vulcanus
670 3438 729 3505 pro
753 3415 832 3502 igne
859 3417 1040 3481 obscoenae
1054 3416 1148 3503 cupi·
1172 3436 1174 3440 “

45 3501 129 3571 tatis.
189 3500 285 3568 Unde
324 3501 357 3567 et
388 3500 520 3569 Veneris
552 3502 685 3588 fingitur
721 3500 864 3567 maritus.
921 3501 1013 3573 Bene
1051 3500 1147 3570 etiam
1220 3571 1225 3580 ¹

44 3588 176 3673 emnius²
197 3585 231 3652 id
253 3597 301 3653 est
315 3586 467 3665 lactosae
489 3584 613 3665 dicitur,
633 3585 707 3673 quia
721 3586 882 3652 obscoena
903 3584 1045 3674 voluptas
1067 3590 1145 3651 non-

44 3673 121 3738 siin
142 3673 250 3740 lutosis
269 3671 428 3739 mentibus
448 3672 610 3738 versatur:
641 3671 747 3758 iiiam]
771 3692 909 3758 namque
929 3671 1028 3734 laona
1048 3672 1188 3746 inter-so
1246 3741 1249 3746 ,

44 3768 164 3844 etatur.=
219 3757 343 3829 Dicitur
364 3766 396 3822 et
417 3755 594 3838 Mulciber,
627 3754 690 3822 boc
712 3768 761 3823 est
789 3756 873 3842 ignis
902 3755 1029 3835 aidus,-
1053 3758 1160 3844 quasi
1254 3776 1256 3780 ·

45 3843 162 3907 nicena
185 3842 337 3931 imbrem.
380 3840 486 3914 Quum
509 3841 593 3908 enim
613 3843 713 3907 nubes
735 3840 845 3908 altiora
863 3841 1019 3929 petierint,
1038 3841 1144 3909 calore

71 3927 198 4014 pluvias¹
220 3926 429 3994 resolvuntur.
481 3925 569 3992 Inter
598 3926 708 3993 Jovem
741 3950 816 3994 vero
848 3938 880 3994 et
908 3926 1082 3998 Vulcanum
1111 3940 1144 3996 et

44 4029 139 4079 estam
159 4013 222 4078 boc
247 4012 379 4079 dicimus
400 4012 562 4091 interesse,
583 4011 672 4099 quod
693 4013 780 4081 Jovis
803 4013 958 4100 estignis
982 4012 1148 4082 aetherius
1212 4019 1215 4024 ’

44 4096 137 4185 nplex
168 4113 200 4165 et
229 4101 400 4174 innocuus,
445 4095 582 4184 nihilque
610 4120 787 4184 perurens3¹
820 4101 917 4165 Vesta
946 4120 1020 4165 vero
1056 4099 1140 4186 ignis
1149 4118 1183 4169 45

46 4195 70 4279 t·
88 4185 248 4271 publicus,
290 4175 397 4252 usibus
434 4183 618 4253 mortalibus
658 4185 933 4266 accommodatus3
979 4183 1138 4253 Vulcanus
1283 4183 1293 4200 ⁸
