2632 4658
313 108 594 287 canopus
623 160 715 236 xro.
766 164 859 239 o..
878 164 917 238 7.
1042 153 1186 246 ·.·aat

81 388 87 401 =
136 343 178 413 V
173 344 208 412 el
222 356 326 435 poter
346 347 704 439 omnipotensodigat
722 347 948 438 mesulmine
968 351 1017 416 cul
1033 351 1184 422 umbras.

42 431 117 502 Est
151 428 216 499 uod
235 434 441 521 praesagiat,
468 446 536 509 ute.
649 440 652 445 '

72 560 76 569 ‚
170 541 188 582 e
207 517 301 583 caelo
322 529 438 585 tactos
458 515 603 584 memini
620 514 822 604 praedicere
839 539 994 605 quereus.

41 602 126 672 Ideo
147 603 242 671 etiam
257 602 349 692 juxta
372 604 518 671 Servium
539 600 678 669 manna
692 601 826 669 Veneris
856 603 989 689 lingitur
1010 602 1181 686 Vulcanus,

41 690 121 792 quia
151 688 312 756 venerium
335 689 475 756 officium
496 687 621 754 nonnisi
640 686 747 754 calore
766 687 916 756 consistit
959 686 1055 757 Unde
1075 691 1207 779 Virgis
1231 727 1237 745 ι

41 775 122 844 hus:
163 774 338 858 Frigidus
357 775 396 838 in
422 773 594 855 Venerem
616 773 739 840 senior.
779 772 936 839 Mulciber
951 788 1057 841 autem
1079 774 1185 844 dictus

44 873 114 943 est,
136 859 212 947 quia
232 859 316 944 iguis
337 856 436 943 ferri
458 857 607 926 duritiam
628 857 745 925 emollit
765 869 862 946 atque
880 859 1061 925 demulcet.
1134 859 1137 873 '

28 958 47 1029 '¹
133 947 164 1012 6.
207 945 254 1009 Ad
289 942 467 1009 Palladem,
481 955 589 1011 autem
616 940 767 1031 deinceps
792 954 1002 1010 revertamur.
1056 943 1184 1012 Fabula

44 1033 162 1111 habet,
182 1040 313 1118 propter
332 1026 535 1095 Cassandrae
553 1030 833 1118 stuprumiratam
852 1030 985 1095 Graecis
1006 1020 1103 1094 luisse
1123 1031 1184 1096 Mi-

44 1138 194 1195 nervam,
224 1113 271 1179 vel
292 1112 380 1203 quod
403 1114 433 1178 ei
463 1114 598 1181 victores
626 1114 781 1202 superbia
796 1114 979 1180 sacrificare
1005 1113 1225 1185 nolueruntro

44 1201 144 1269 Unde
160 1223 215 1267 eos
232 1197 403 1273 redeuntes
444 1200 604 1273 rarissima
617 1209 807 1286 tempestate
821 1199 972 1286 fatigatos
985 1222 1046 1288 per
1058 1198 1183 1268 diversa

44 1288 146 1354 maria
169 1285 327 1373 dispersit.
362 1220 458 1365 ¹Inde
474 1285 648 1353 Horatius:
691 1285 808 1367 Quum
829 1284 957 1349 Pallas
976 1297 1055 1349 usto
1077 1287 1185 1351 vertit
1222 1310 1228 1357 t

44 1373 140 1436 iram
165 1369 208 1434 ab
228 1370 298 1437 Ilio
346 1369 475 1435 Revera
502 1382 611 1438 antem
639 1379 782 1449 constat,
819 1369 965 1437 Graecos
994 1381 1184 1458 tempestate

45 1456 240 1522 laboravisse
259 1454 460 1540 aequinoctio
482 1453 616 1536 remedi,
635 1453 704 1520 sole
727 1455 760 1520 in
780 1452 887 1521 Ariete
910 1453 1183 1544 posito,4quando

44 1541 215 1609 manubiae
241 1538 444 1621 Illinervales‚
481 1540 513 1607 id
544 1550 592 1608 est
621 1539 785 1607 fulminum
812 1537 938 1628 jactus,
975 1554 1224 1628 tempestatesln

30 1628 249 1714 ‘grauissimas
281 1636 491 1694 commovent.
526 1628 638 1692 ⁴Haeo
671 1638 778 1693 autem
804 1626 948 1702 numina,
989 1648 1075 1714 quae
1100 1627 1183 1694 inter

43 1714 154 1793 sidera
176 1732 237 1776 non
266 1709 426 1790 ridemus,
459 1710 536 1777 licet
567 1713 660 1797 signa
690 1733 749 1776 sua
781 1711 909 1798 propria
938 1732 1002 1776 non
1034 1711 1184 1791 habeant,

47 1820 122 1863 cum
145 1796 212 1864 aliis
232 1807 390 1884 potestate
410 1809 516 1863 tamen
538 1797 694 1883 permixta
714 1807 817 1874 sunt,
838 1806 874 1863 ut
895 1795 1085 1882 Ophiuchus
1114 1798 1184 1888 ipse

45 1896 98 1950 est
117 1881 339 1969 Aesculapius3
363 1880 489 1946 Gemini
509 1903 638 1983 quoque
659 1879 807 1967 Apollinis
828 1891 861 1946 et
884 1881 1034 1947 Herculis
1055 1882 1183 1970 signum
1298 1916 1301 1920 ·

44 1990 121 2035 esse
142 1962 299 2043 dicuntur.
341 1966 398 2032 Sic
419 1977 453 2033 et
471 1969 561 2033 Auos
574 1967 736 2032 Minervae
756 1966 883 2052 signum
901 1988 972 2033 esse
991 1965 1226 2051 dinoscitur3m

42 2052 186 2140 ideoque
206 2053 349 2121 Minerva
370 2052 472 2119 fertur
492 2053 638 2118 Graecos
661 2050 805 2138 punisse,
827 2049 914 2200 puod
935 2051 995 2118 sub
1016 2053 1068 2118 illo
1090 2055 1187 2140 signo

10 2138 214 2227 periclitati
248 2148 344 2204 sunt·
388 2138 475 2204 Sane
509 2137 543 2202 in
580 2135 792 2204 Etruscorum
844 2136 921 2203 ibris
964 2136 1097 2223 lectum,
1124 2152 1190 2223 est,

45 2234 138 2290 certa
153 2246 231 2290 >esse
252 2223 379 2289 numina
393 2223 501 2311 jactus
524 2222 686 2290 fulminum
708 2219 918 2309 possidentia,
950 2220 1063 2290 Jovem
1095 2224 1190 2290 vide-'
1238 2260 1241 2265 ·
1291 2266 1295 2275 -

42 2307 138 2388 licet,
170 2308 345 2389 Vulcanum
375 2320 408 2375 et
434 2309 617 2376 Minervam.
676 2306 773 2374 Unde
805 2307 892 2373 aud
924 2313 1036 2395 poiites
1066 2310 1185 2396 ubique

45 2409 177 2461 cautum
211 2395 406 2473 invenimus,
453 2415 493 2458 ne
535 2392 601 2460 aliis
638 2392 767 2459 fulmina
830 2415 886 2457 are
925 2397 1225 2479 praesumserinteo

47 2480 160 2557 Oliva,
198 2502 283 2568 quae
319 2480 446 2565 signum
483 2479 571 2564 pacis
609 2489 660 2545 est
684 2477 790 2565 (uude
821 2488 854 2544 et
880 2500 998 2543 nomen
1029 2481 1185 2547 invenisse

47 2564 190 2644 videtum
224 2568 315 2640 ἔλεος
338 2565 420 2630 enim
442 2565 571 2628 Graece
589 2563 806 2630 misericordia
834 2563 1080 2651 interpretatur)
1109 2566 1185 2632 Pal-

12 2700 25 2751 -Ι
44 2650 130 2731 ledi,
175 2660 288 2737 utpote
328 2648 411 2717 deae
446 2650 637 2736 sapientiae,
687 2648 800 2716 merito
837 2664 1063 2732 cousecratur-3
1097 2650 1185 2738 quod

10 2798 14 2803 .
44 2735 239 2825 sapientium
261 2734 303 2800 sit
323 2745 357 2802 et
375 2757 490 2823 paoem
511 2756 629 2815 amare,
651 2743 684 2801 et
703 2734 787 2802 inter
803 2733 970 2802 discordes
992 2758 1064 2804 eam
1085 2758 1184 2824 quau-

10 2870 15 2877 ·
43 2821 154 2891 tocius
174 2820 361 2888 reformare.
404 2820 451 2889 Ut
469 2829 576 2887 autem
595 2821 627 2887 in
650 2819 737 2906 pacis
758 2820 912 2909 petitione
941 2842 1050 2888 ramus
1082 2823 1227 2889 olivaeno

10 2912 24 2945 ³·
46 2928 126 2974 cum
154 2905 236 2975 vittis
265 2905 438 2983 offeratur,
477 2908 592 2995 partim
623 2904 750 2971 fabulae
775 2907 890 2994 partim
918 2918 1053 2973 naturae
1087 2909 1187 2974 efficit

44 2992 142 3061 ratio.
193 2989 278 3058 Nam
300 3012 398 3077 quum
418 2990 461 3056 de
479 2991 606 3056 nomine
623 2990 834 3071 Athenarum,
863 3000 1018 3078 utsupra
1041 2991 1186 3071 diximus,

10 3144 18 3167 ,
43 3076 220 3166 Neptunus
241 3087 275 3143 et
295 3076 438 3151 Minerva
465 3075 709 3155 contenderent,
744 3074 887 3141 Minerva
915 3075 1027 3142 olivam
1058 3077 1188 3164 protulit

25 3172 84 3241 ‚et
105 3161 317 3230 statim'vioit
360 3159 458 3227 Unde
500 3182 575 3226 uum
595 3182 704 3227 ramus
725 3159 793 3249 ejus
814 3160 907 3227 alicui
924 3162 1077 3242 offertur,
1105 3162 1186 3228 indi·
1301 3218 1304 3225 .

42 3257 105 3315 cat
134 3270 206 3315 esse
235 3246 406 3313 meliorem.
465 3184 553 3312 iiiuc
582 3256 616 3313 et
640 3244 716 3311 illud
744 3247 947 3333 proverbium
982 3247 1102 3316 dictum
1136 3257 1227 3315 estas

44 3330 190 3401 herbam
210 3331 270 3411 do,
290 3331 325 3397 id
346 3345 396 3417 cst
414 3329 578 3398 victoriam
602 3330 756 3398 concedo.
799 3333 836 3398 In
858 3355 875 3396 a
904 3330 1016 3398 onibus
1038 3331 1185 3419 denique,

10 3436 27 3453 ··
44 3419 152 3493 ut2ait
170 3418 294 3496 Varro,
333 3415 465 3482 herbeu
502 3419 533 3484 in
566 3416 698 3484 modum
726 3416 852 3503 palmae
879 3353 981 3484 dabat
1013 3417 1124 3504 aliquis
1146 3418 1186 3497 ei,
1293 3456 1297 3466 ·

10 3520 14 3561 t
47 3524 125 3569 oum
146 3525 210 3592 quo
232 3501 428 3569 contendere
457 3524 520 3568 non
543 3504 739 3580 conahatur,
771 3512 805 3568 et
823 3499 984 3567 meliorem
1015 3524 1087 3568 esse
1107 3502 1187 3569 fate
1298 3550 1301 3555 -

10 3608 27 3673 ιε
39 3587 156 3654 hatur.
199 3588 301 3655 Vittas
315 3597 432 3666 autem,
452 3587 552 3653 idest
572 3588 693 3654 institas
708 3586 826 3666 laneas,
847 3585 945 3652 habet
960 3588 1188 3654 ramusohvae
1224 3596 1226 3601 ’

10 3682 18 3733 t
46 3670 142 3754 ideo,
175 3688 211 3740 ut
230 3673 376 3739 inertiam
398 3683 431 3738 et
450 3672 693 3754 imbecillitatem
722 3671 885 3737 offerentis
915 3670 1072 3739 ostendet.
1116 3673 1230 3742 Sci-so

10 3778 14 3819 c
47 3758 244 3833 musenim,
272 3780 347 3825 oves
369 3757 470 3824 alieno
493 3754 933 3848 semperauxilioxindigere.
984 3755 1091 3824 Vittae
1111 3778 1187 3824 nero
1280 3788 1283 3795 ’

10 3860 19 3927 ι
23 3866 30 3897 <
47 3862 77 3911 a.
86 3842 269 3910 vinciendo
287 3842 393 3910 diotae
412 3853 496 3909 sunt.
940 3900 943 3905 ,

134 3929 167 3994 7.
208 3928 260 3993 De
280 3929 422 3993 Minerva
450 3927 544 3993 etiam
575 3923 706 4003 dicitur,
736 3920 828 4026 'quod
859 3921 951 3990 tibias
984 3922 1205 3992 adinvenerit·

18 4080 23 4089 ,
44 4011 176 4088 ¹Quibus
187 4028 292 4099 quum
305 4014 338 4079 in
358 4014 499 4080 convivio
520 4012 652 4077 deorum
669 4008 891 4087 concinuisset,
914 4007 1045 4100 ejusqm
1065 4021 1189 4078 tumen-

10 4114 28 4157 ε·
50 4099 101 4164 tes
121 4092 248 4164 buccas.
266 4096 309 4163 dii
330 4121 440 4165 omnes
461 4097 646 4178 irrisissent,
682 4094 735 4161 illa
763 4093 806 4160 ad
835 4091 1012 4162 Tritoniam
1063 4095 1231 4168 aludemts

50 4204 211 4272 pergens,
242 4182 277 4248 in‘
295 4206 379 4274 aqua
402 4184 517 4253 faciem
537 4206 627 4252 suom
657 4194 784 4269 turpem
805 4177 989 4268 speculata,
1019 4119 1111 4251 tibias
1132 4182 1188 4249 ab·

779 4293 905 4383 1⁵·
