2632 4658
135 154 221 235 25⁴
334 254 342 275 ὦ
400 152 585 256 utpuogs.
618 156 689 229 ur.
745 124 811 230 ib·
863 154 1012 231 o-u.

222 338 332 409 Nunc
351 338 424 405 dea.
438 336 596 427 linigero
624 340 753 407 colitur
772 338 996 412 dcbcrrimc
1019 338 1143 411 amba
1190 330 1193 335 ¹
1301 358 1312 399 t

137 427 184 496 Et
203 425 286 493 libro
306 425 351 494 de
368 423 479 497 Fastis
508 425 570 493 ait:
747 454 749 461 ·
954 450 958 461 ¹
1051 492 1055 499 ,
1221 484 1225 491 .
1301 436 1312 485 t

154 564 157 569 .
184 596 194 614 ·
229 508 271 577 V
265 533 350 612 cccc
370 511 420 575 sit
439 531 487 609 css
510 519 648 613 taurus,
669 532 737 611 uon
759 523 811 576 eat
826 533 1029 617 cognoscere
1048 522 1268 663 promgtmp
1299 506 1311 569 b

120 590 1108 772 atttitttt',ttttntzt‘t‘ttttjtutdttt
1123 618 1267 771 cciii
1299 615 1312 743 i

138 769 281 843 labores,
295 766 397 842 tauri3
436 762 484 828 rei
510 763 585 851 quia
605 763 688 831 sicut
722 774 832 835 taurus
853 791 913 858 per
933 784 1058 837 cornua
1078 766 1198 837 sortior
1218 781 1264 849 est,
1279 786 1310 841 ‚t

139 854 185 923 ita
206 851 254 919 sol
274 862 353 921 tuac
372 848 481 937 incipit
501 870 573 916 esse
594 848 793 917 ferventior·
1222 879 1225 887 ¹
1255 888 1258 895 ·
1301 870 1312 913 r

154 982 158 993 =
225 937 260 1003 3.
301 937 449 1026 Jupiter
479 935 652 1007 concubuit
688 956 761 1001 cum
783 935 879 1004 Leda
899 937 932 1004 iu
952 937 1062 1030 specie
1082 936 1205 1027 cygni,
1236 958 1264 1005 er
1301 934 1312 997 t

141 1045 206 1112 qua
226 1022 340 1108 genuit
358 958 424 1088 <iao
445 1042 523 1100 ova3
558 1031 649 1088 etex
679 1042 743 1085 uno
764 1032 859 1088 natae
892 1034 968 1089 sunt
995 1022 1125 1089 Helena
1145 1028 1182 1091 e't
1201 1022 1264 1113 ct,-

84 1118 331 1186 torennense,
352 1130 392 1175 ex
413 1104 473 1172 aiio
494 1105 559 1173 uati
579 1117 653 1173 sunt
676 1104 787 1172 Pollux
807 1120 841 1176 et
861 1108 1000 1187 Castor,
1020 1108 1075 1197 qui
1097 1105 1265 1196 peritissimi
1301 1103 1312 1166 i

26 1196 32 1241 ¹
141 1208 176 1261 et
195 1192 374 1283 probissimi
406 1182 615 1293 imperatores
644 1192 773 1259 fuerunt
793 1190 835 1267 ,in
861 1191 1009 1259 Graecia.
1062 1192 1159 1261 Duas
1181 1192 1265 1260 atta·
1302 1189 1312 1252 i

140 1280 221 1347 titios
242 1278 359 1366 Zet'ypi
378 1275 506 1357 rustici,
530 1276 697 1343 ..Pboeben
717 1275 838 1346 scilicet
858 1289 892 1345 et
910 1276 1106 1345 Mollisenam
1129 1278 1160 1345 ri
1182 1298 1267 1381 cepe
1302 1297 1312 1337 t

51 1398 54 1405 ·
140 1377 219 1434 runt
234 1361 314 1432 ldae
335 1376 369 1431 et
388 1360 517 1429 Sicidae
538 1361 687 1429 fratribus
707 1373 850 1451 tempora
879 1363 1079 1452 nuptiarum
1113 1384 1200 1452 quas
1218 1362 1265 1453 apd
1303 1359 1312 1423 t

142 1449 219 1523 Idas
241 1460 274 1517 et
292 1447 416 1515 Sicidas
440 1446 544 1521 eidem
566 1448 648 1535 thy
672 1471 692 1513 o
714 1459 894 1535 rapuerant.
944 1446 1028 1515 Inda
1051 1459 1125 1515 orta
1153 1448 1265 1515 disccr-
1304 1468 1312 1509 a

101 1535 198 1601 sadra
217 1535 300 1602 iotar
321 1556 395 1614 eos,
415 1471 725 1601 mortuusest--idas
741 1544 972 1620 ,etpercassus
992 1542 1043 1601 est
1059 1534 1202 1612 Castor,
1222 1534 1266 1621 qui
1303 1553 1312 1616 p

143 1642 242 1709 quum
267 1629 352 1685 esset
380 1616 537 1697 mortalis,
576 1617 679 1706 periit.
735 1618 863 1685 interea
901 1640 999 1707 quum
1028 1616 1129 1687 frater
1159 1614 1265 1685 Potius
1304 1618 1312 1680 i

143 1720 231 1774 esset
249 1703 450 1784 immortalis,
484 1712 518 1769 et
540 1701 572 1767 in
592 1702 643 1769 ilia
675 1700 796 1771 idcirco
824 1705 892 1770 rixa
920 1724 985 1769 non
1010 1714 1097 1771 esset
1119 1716 1267 1785 mortum,
1305 1724 1312 1764 r

26 1874 28 1879 Δ
142 1792 287 1860 fraterna
306 1790 425 1878 pietate
442 1787 569 1873 rogarit
591 1787 705 1854 Josern
724 1801 849 1878 patrem
871 1811 984 1871 sunm,
1012 1799 1050 1855 ut
1069 1803 1186 1878 posset
1206 1810 1267 1879 par·
1305 1787 1312 1849 Ι

142 1868 194 1949 tiri
216 1877 317 1949 vitam,
333 1897 407 1942 cam
426 1874 526 1942 fratre
545 1895 614 1939 suo.
667 1874 720 1940 Ex
740 1897 805 1963 quo
833 1872 955 1941 alterna
981 1873 1118 1941 statione
1151 1894 1269 1965 semper
1306 1895 1312 1935 a

101 1961 178 2029 suia
200 1962 290 2029 caclo
305 1982 389 2027 unus
410 1968 544 2048 apparet
563 1957 594 2024 io
619 1980 682 2025 una
701 1971 813 2047 parte,
840 1959 920 2027 alter
941 1962 973 2026 io
995 1958 1072 2041 aiia3
1102 1952 1152 2026 sei
1170 1971 1210 2030 ut
1229 1960 1270 2027 db
1307 1978 1312 2020 t

145 2048 272 2127 dicuat,
293 2068 376 2113 unus
398 2045 515 2127 stetin
536 2043 647 2126 caelo,
674 2044 754 2111 alter
776 2043 933 2131 mergitur
952 2045 985 2111 ia
1008 2066 1179 2115 oceanum.
1223 2044 1270 2113 Sd
1308 2066 1312 2108 ι

144 2134 263 2201 dicitur
284 2132 316 2197 in
338 2130 491 2210 Geminis,
532 2130 585 2195 uia
604 2130 634 2195 in
658 2130 799 2219 quolibet
819 2130 845 2196 si
872 2151 984 2196 uorum
999 2128 1047 2197 soi
1065 2139 1133 2199 stat
1153 2142 1270 2201 tantan
1308 2152 1312 2192 t

143 2236 205 2309 per
225 2216 324 2283 XXX
345 2215 431 2298 dies,
463 2215 496 2281 in
551 2215 660 2283 eminis
682 2236 838 2304 seraper
889 2215 996 2287 XXII.
1255 2244 1261 2263 ·
1309 2235 1312 2278 1

230 2304 262 2369 4.
303 2302 411 2378 Quum
444 2298 592 2381 Chironis
630 2300 731 2383 filius,
768 2322 869 2389 nepos
901 2300 1033 2369 Saturni
1058 2310 1093 2368 et
1117 2299 1273 2392 Philyres,

102 2386 236 2478 ajaxta
255 2408 346 2455 mare
363 2386 529 2467 transiret,
561 2385 720 2488 quendam
741 2407 892 2451 cancrum
911 2387 1084 2453 immensae
1115 2388 1273 2475 magnitu-
1310 2414 1312 2451 ι

146 2474 229 2542 dinis
272 2472 334 2539 ede
354 2471 502 2553 calcavit,
533 2493 588 2559 qm
609 2494 682 2539 eum
704 2472 923 2539 miserabiliter
942 2472 1049 2554 laesit3
1089 2483 1125 2539 et
1146 2494 1274 2539 consen

146 2582 202 2627 sas
226 2497 347 2625 Cbiron
378 2555 504 2643 sagittis
533 2578 685 2623 cancrum
713 2557 886 2641 percussit,
923 2557 1084 2645 filiumque
1108 2558 1275 2646 expedivit

146 2645 186 2712 Iu
226 2644 316 2731 cujus
353 2641 536 2709 memoriam
566 2663 683 2708 cancer
712 2642 762 2708 iile
796 2642 965 2710 translatus
1005 2655 1054 2710 est
1083 2641 1119 2708 ia
1147 2644 1275 2719 caedam

148 2729 319 2815 factusque
339 2729 466 2813 signum
487 2724 634 2794 caeleste.
677 2727 734 2792 Sol
755 2726 871 2795 dicitur
893 2729 1017 2796 esseio
1038 2729 1185 2805 Cancro,
1205 2728 1275 2819 qnia

105 2815 235 2884 ausicut
255 2814 313 2881 hic
330 2834 480 2899 gressum
495 2809 543 2881 ad
565 2821 735 2901 utramque
760 2823 885 2901 partem
914 2814 1012 2882 habet
1031 2816 1164 2881 ante'et
1183 2828 1277 2888 retro,

147 2900 196 2967 sic
211 2896 269 2977 soi,
292 2921 391 2986 quum
410 2896 453 2962 ad
467 2898 629 2965 Cancrum
643 2897 778 2978 accedit,
794 2922 921 2987 semper
936 2898 1163 2989 progreditur3
1183 2922 1277 2989 quun

148 3006 224 3052 uero
247 2995 297 3050 est
318 2985 350 3049 in
371 2984 510 3061 Cancro,
531 2984 722 3063 retrocedit,
745 2996 778 3051 et
799 2985 880 3052 ultra
902 2984 1054 3074 progredi
1076 3006 1142 3050 non
1164 2996 1276 3073 potest

186 3146 189 3153 ¹
232 3070 264 3135 5.
305 3068 430 3136 Rustici
451 3069 483 3133 in
504 3066 649 3135 Nemaea
670 3069 745 3135 siba
764 3069 880 3145 Jovem
903 3082 1107 3173 spernentes,
1130 3072 1277 3139 nolebant

148 3154 179 3222 ei
199 3153 391 3237 sacrificare.
434 3151 531 3221 Unde
552 3155 699 3242 Juppiter
717 3155 817 3224 iratus
849 3156 976 3224 immtsit
1001 3155 1039 3220 iis
1072 3154 1204 3223 leonem
1224 3156 1277 3223 im·

46 3312 49 3317 4
104 3255 280 3307 somensac
313 3237 559 3326 magnitudinis,
597 3239 651 3327 qui
691 3240 796 3306 omnia
824 3262 935 3309 eorum
969 3242 1053 3307 bona
1081 3240 1276 3311 devastabat

146 3326 193 3395 Et
219 3348 319 3415 qaum
352 3325 485 3416 penuria
517 3324 662 3412 oppressi
691 3336 814 3404 essent,
851 3322 980 3392 tandem
1008 3313 1093 3393 veuit
1118 3327 1276 3395 Herculea

146 3426 360 3489 monstrorum
380 3409 528 3489 domitor,
547 3408 602 3499 qui
618 3409 723 3497 ipsum
742 3409 917 3479 interfecit:
939 3421 972 3478 et
991 3410 1163 3483 tramiatus
1184 3425 1238 3481 est
1250 3412 1277 3479 iu

148 3498 289 3581 caelum,
306 3508 340 3568 et
358 3490 399 3565 ex'
420 3520 460 3563 eo
481 3497 601 3565 sactum
620 3495 749 3582 signnm
761 3495 908 3564 caeleste.
951 3495 1009 3563 Sol
1021 3494 1139 3563 dicitur
1156 3498 1277 3565 cssain

146 3583 272 3667 Leone,
290 3584 366 3673 quia
376 3584 459 3652 sicut
471 3581 522 3647 leo
544 3579 732 3649 furibundas
748 3593 806 3662 est,
826 3582 874 3649 sic
887 3604 984 3669 quum
996 3580 1045 3649 sot
1056 3602 1116 3668 por
1128 3580 1209 3649 iilud
1223 3580 1276 3649 ds·

104 3670 248 3749 accurrit
277 3670 422 3757 signum,
459 3667 677 3734 vehementem
703 3665 822 3733 mundo
843 3667 955 3735 catoris
976 3666 1139 3747 fervorem¹
1165 3666 1278 3747 reddit

233 3756 264 3821 6.
285 3756 408 3836 Icarus,
425 3751 577 3831 sacerdos
588 3751 721 3832 Bacchi,
743 3762 776 3819 et
788 3750 987 3819 Atheniensis
999 3773 1067 3829 rex,
1086 3760 1121 3819 et
1140 3754 1278 3841 optimas

149 3851 298 3919 senator,
330 3863 428 3928 quum
449 3840 553 3904 vinam
573 3836 698 3905 rusticis
727 3848 841 3926 potare
872 3837 1032 3918 dedisset,
1069 3836 1112 3903 iili
1130 3837 1278 3909 metrias·

148 3935 297 4014 putantes
311 3948 360 3990 ee
392 3946 546 3990 venenum
568 3922 734 4003 sumsisse,
771 3922 874 4024 ipsum
899 3923 1150 4004 iuterfecerunt3
1182 3936 1218 3993 et
1246 3934 1279 3993 ut

149 4011 255 4078 scelus
277 4010 408 4093 lateret,
440 4008 472 4073 in
494 4020 624 4097 puteum
655 4006 762 4096 praeci
785 4021 956 4084 naverunt..
1002 4007 1159 4077 Canicula
1192 4032 1278 4089 vero,

26 4128 29 4137 ·
106 4117 236 4249 capuae
255 4118 328 4162 cum
350 4118 390 4160 eo
412 4105 498 4176 erat,
528 4114 655 4162 reversa
676 4104 724 4161 est
770 4116 877 4161 omum
904 4093 946 4165 ad
966 4091 1165 4181 Erigonem,
1195 4117 1278 4185 quae

60 4254 67 4283 1
174 4183 239 4250 icta
257 4192 308 4251 est
327 4179 390 4249 filia
412 4179 509 4270 ipsius
529 4178 631 4264 Icari,
651 4198 692 4248 ac
712 4177 838 4251 tristitia
857 4189 891 4250 et
913 4179 1030 4270 quibus
1050 4180 1159 4270 potuit
1176 4181 1276 4271 siguis
1310 4228 1312 4251 2
