2632 4658
258 823 1003 1010 ru'oouu'ruu.
1108 842 1159 927 ³

127 1277 344 1440 Biennium
373 1364 544 1460 lercest,
580 1391 624 1440 ex
647 1389 719 1463 quo
744 1358 907 1464 Angelus
932 1357 1071 1457 Maus,
1099 1365 1162 1438 vir.
1198 1364 1204 1371 ’

44 1466 292 1559 lustrissimus,
330 1466 374 1541 de
395 1465 548 1567 antiquis
569 1463 796 1565 scriptoribus
818 1491 838 1538 c
863 1461 971 1570 biblio
1011 1487 1152 1538 scarum

45 1566 215 1651 alicarum
255 1566 397 1641 latebris
432 1572 470 1641 in
507 1570 622 1644 lucem
659 1565 876 1667 proferendis
914 1565 1158 1659 immortaliter⁸

47 1668 169 1760 eritus,
198 1670 234 1739 in
254 1669 492 1744 classicorum
507 1667 705 1746 Auctorum
729 1697 749 1742 c
767 1669 947 1753 Vaticanis
973 1665 1153 1765 codicibus

44 1770 184 1842 litorum
203 1769 378 1845 volumine
392 1774 452 1845 III
480 1783 560 1846 tres.
575 1800 692 1851 rerum
713 1768 944 1870 mythicarum
961 1770 1151 1869 scriptores

44 1870 160 1945 editos
180 1874 280 1971 typis'
295 1875 537 1970 exprimendos
556 1876 721 1970 curavit,
734 1898 883 1973 quorum
900 1871 1012 1969 prima
1030 1871 1155 1963 notitia,

44 1973 248 2045 {honarum
273 1975 465 2048 litterarum
497 1975 661 2048 studiosis
690 1986 765 2048 erat
788 1971 1067 2072 jucundissima,
1102 1973 1150 2044 ita
1199 2045 1206 2053 ,
1239 1984 1244 1998 ’

44 2076 169 2149 lurimis
202 2101 312 2148 novae
344 2103 465 2149 eorum
494 2076 653 2150 editionis
666 2146 669 2152 ,
683 2078 720 2151 in
755 2073 943 2148 Germania
975 2071 1149 2171 parandae

44 2177 220 2248 rsiderium
254 2179 504 2251 commovebat.
572 2177 688 2277 Cujus,
711 2179 763 2251 rei
796 2174 1035 2274 suscipiendae
1065 2198 1149 2258 con·¹

44 2278 125 2370 lium
150 2303 257 2375 quum
282 2279 500 2353 hortantibus
526 2281 609 2352 viris
634 2279 767 2377 doctis,
800 2274 1068 2375 quorumapud
1093 2279 1149 2381 ude

44 2380 199 2451 {utimum
233 2379 324 2453 valet
355 2384 565 2474 auctoritas,
618 2383 733 2465 animo
759 2380 922 2461 volvere,
941 2379 1145 2476 coepissem,

44 2507 113 2552 ‚ura
143 2506 180 2551 se
210 2480 295 2551 mihi
326 2480 526 2555 obtulerunt
557 2481 684 2553 auxilia
715 2480 759 2553 ad
788 2479 914 2552 horum
940 2482 1157 2592 scriptorum

44 2580 119 2654 trba
143 2579 266 2654 melius
292 2583 531 2655 constituenda
558 2585 747 2681 aptissima.
800 2583 857 2653 De
882 2577 1008 2677 quihus
1034 2581 1147 2677 prius·

44 2710 138 2775 ram,
171 2695 210 2754 ut
234 2709 298 2781 par
319 2696 391 2774 est,
424 2710 616 2782 exponam,
653 2686 783 2757 iterare,
794 2680 899 2780 juvat
919 2706 1008 2779 quae
1027 2680 1148 2780 Majus

43 2785 153 2883 litioni
175 2794 259 2857 suae
279 2785 457 2883 praefatus
478 2798 550 2879 est,
578 2795 620 2858 ut
644 2784 728 2883 quid
750 2785 805 2882 vir
824 2782 883 2855 ille
903 2783 1148 2882 sagacissimus

43 2886 119 2958 rum'
145 2884 188 2957 dc
212 2887 298 2984 ipsis
319 2884 447 2984 quibus
471 2914 557 2962 usus
578 2897 631 2960 est
654 2883 833 2959 codicibus
849 2884 1044 2976 Vaticanis,
1072 2894 1147 2957 tum

43 3014 52 3059 r
73 2985 199 3058 horum
221 2988 469 3085 opusculorum
488 2986 689 3062 auctoribus
711 3010 901 3085 eorumque
918 2996 1035 3075 aetate
1051 2983 1147 3057 dixe·

43 3100 73 3180 t,
110 3088 256 3162 lectores
285 3082 352 3163 rite
384 3101 611 3189 cognoscant.
671 3083 841 3162 Nostram
865 3111 949 3160 vero
973 3087 1023 3158 ita
1045 3087 1146 3159 insti·

43 3216 147 3263 amus
178 3192 389 3285 orationem,
432 3204 472 3265 ut
503 3194 654 3290 primum
687 3187 905 3291 grauioribus
938 3185 1014 3279 illis
1040 3200 1162 3286 quae·'

43 3290 178 3367 ionibus
203 3318 223 3363 a
245 3291 344 3391 Majo
370 3295 470 3366 motis
495 3292 680 3365 nonnullas
706 3283 960 3391 subjungamus
984 3286 1146 3362 observa·

43 3392 206 3488 suculas,
252 3393 376 3467 deiude
409 3393 515 3494 hujus
544 3393 708 3468 editionis
739 3417 829 3492 quae
861 3393 906 3463 sit
938 3391 1048 3482 ratio,
1085 3390 1147 3487 qui

43 3498 110 3586 uis,
147 3496 268 3592 paucis
292 3496 499 3569 iudicemus.
553 3496 616 3570 Sic
641 3497 749 3594 igitur
773 3490 915 3590 Majus:
961 3506 970 3520 ··
1010 3520 1021 3537 ·
1104 3492 1109 3506 ’
1189 3510 1192 3517 ·

85 3598 118 3668 Ι.
154 3597 307 3670 “Latini
330 3596 576 3698 mythographi
596 3606 745 3695 quatuor
768 3590 1006 3667 tautummodo
1030 3600 1161 3664 extaut-
1185 3601 1188 3608 '

43 3761 46 3770 .
75 3697 284 3771 editionibus
296 3726 308 3794 3
347 3725 488 3798 nempe,
503 3699 609 3798 vulgo
643 3697 758 3769 dictus
784 3693 830 3768 C.
855 3694 1045 3792 Hyginus,
1085 3693 1145 3791 qui
1213 3707 1216 3728 ¹

43 3811 102 3894 erte
126 3796 281 3896 Augusti
311 3797 575 3894 bibliothecario
598 3799 769 3873 recentior
793 3807 867 3901 ⁰⁸l3
902 3794 1033 3867 Fabius
1058 3792 1144 3887 Fub

43 3902 146 3973 antius
177 3902 409 3993 Plauciades3
435 3902 653 3975 -Imetautius
684 3898 853 3972 Placidus
883 3897 1142 3994 grammaticus,

43 4003 274 4075 uiovidianas
299 4002 435 4077 fabulas
460 4006 655 4096 enanavit3
687 4000 844 4098 *denique
870 3988 1039 4070 Alhhicus
1067 3994 1143 4092 phi·
1203 4054 1237 4102 ·,

43 4100 196 4200 sophus,
240 4109 302 4201 qui
336 4105 379 4179 de
401 4105 617 4204 ¹imaginihus
648 4103 791 4174 deorum
826 4094 1144 4206 commentariolum
1220 4145 1234 4169 -.

43 4206 163 4304 eliquit.
217 4205 309 4280 lllih'i
335 4209 527 4303 vaticanam
551 4204 796 4279 bibliothecam
820 4202 882 4300 p'ro
900 4218 983 4306 'mco
1003 4222 1144 4271 munere
