2632 4658
55 186 346 364 tantast}
367 172 1192 359 trae„stlntasnrtansrt

56 349 188 438 recepit.
236 345 313 430 sn,
337 350 405 451 ‘¹¹¹³ss
419 347 548 452 dicunt,
576 349 664 440 quod
686 348 845 454 Hercules
868 348 1100 429 eumoccidit,
1122 372 1190 416 sus-

34 432 980 617 ⁵ttihshhulttltattttnhil,”tillut
1000 435 1192 600 {titali

59 628 157 694 quum
184 603 360 672 Herculem
393 607 531 758 hosplitio
558 607 742 697 recepisset.
797 608 899 696 Asper
932 605 1027 673 etiam
1054 607 1193 674 Pholum
1238 694 1241 699 Ι

58 690 172 772 tradit,
196 688 272 755 dum
293 691 427 779 sagittas
483 691 598 759 'arculis
617 704 742 782 stupet,
764 693 819 781 qui
838 703 887 760 tot
905 691 1086 760 Centauros
1107 693 1194 760 occi-

60 777 168 855 derat,
196 796 291 842 unam
320 798 359 844 ex
385 777 443 845 illis
464 778 496 843 in
524 777 641 867 pedem
670 777 846 858 cecidisse;
860 798 865 805 ·
879 777 971 867 cujus
991 777 1122 844 vulnere
1144 803 1194 845 sa·
1240 780 1243 787 ’

59 862 128 930 nari
149 882 212 928 non
228 860 344 949 putuit
386 863 467 932 ldec
496 863 632 933 credunt
657 863 797 931 nonnulli
817 865 858 931 ab
878 863 1023 931 Hercule
1044 864 1204 942 occisum„

19 1063 54 1111 ro
221 1080 223 1085 >
311 1032 380 1111 62.
434 1000 590 1140 Hydra
622 1049 667 1114 et
701 1031 941 1118 Hercules.

144 1162 262 1256 Hydra
282 1165 341 1236 luit
360 1165 396 1232 in
415 1164 542 1249 laurea,
562 1166 753 1254 Argivorum
774 1162 907 1256 palude,
933 1187 1084 1256 serpens,
1105 1170 1196 1261 quin-

62 1252 216 1338 quaginta
236 1252 359 1333 hnbens
380 1252 502 1342 capita,
523 1252 590 1330 uel,
613 1263 651 1320 ut
671 1252 802 1342 quidam
822 1251 949 1333 dieunt,
976 1268 1118 1343 septem,
1144 1258 1198 1346 qui

63 1359 189 1403 omnem
210 1336 376 1425 regionem
401 1338 585 1409 devorabat.
629 1338 726 1414 Quod
750 1361 848 1427 quum
870 1339 1010 1407 audisset
1031 1343 1200 1426 Hercules,

64 1420 175 1490 adiens
205 1445 279 1490 eum
310 1447 329 1489 e
372 1425 534 1510 ugnabat,
566 1434 598 1491 et
628 1446 692 1491 uno
720 1447 834 1506 caeso,
863 1427 923 1492 tria
946 1427 1051 1513 capita
1072 1451 1200 1497 cresee-

21 1509 140 1575 15hant
177 1506 336 1594 (undeet
387 1510 472 1577 atine
491 1520 631 1579 excetra
649 1522 698 1577 est
719 1509 833 1596 dicta).
870 1512 976 1587 Quam
999 1524 1113 1600 postea
1128 1519 1199 1607 Hy-

15 1618 19 1629 ’
63 1593 154 1659 dram
175 1593 333 1665 Hercules
357 1593 481 1662 devicit
524 1592 593 1662 Sed
617 1606 758 1675 constat,
785 1594 936 1681 hydram
966 1595 1072 1686 locum
1101 1601 1201 1671 fuisse

27 1683 30 1689 '
63 1682 261 1747 evomentem
282 1704 382 1768 aquas
398 1691 563 1747 ¹vastantes
582 1680 715 1748 uicinam
737 1678 912 1763 civitatem
936 1683 1068 1771 inquo,
1091 1701 1201 1757 meatu

64 1787 128 1831 uno
151 1763 277 1847 clauso,
299 1767 387 1834 multi
408 1765 624 1855 erumpebant.
668 1766 767 1842 Quod
787 1765 947 1835 Hercules
974 1768 1099 1851 uidens,
1128 1774 1201 1863 ipsa

64 1851 135 1918 loca
164 1853 301 1934 exussit,
335 1865 367 1921 et
396 1851 443 1929 sic
469 1863 610 1928 meatum
638 1874 658 1921 a
682 1874 743 1918 uae
767 1851 887 1920 clausit.
928 1854 1012 1920 Nam
1034 1855 1138 1944 hydra
1159 1863 1201 1927 ab

23 1945 148 2025 2⁰aqua
170 1950 220 2006 est
240 1936 336 2024 dicta.
375 1936 526 2005 Potuisse
546 1949 655 2004 autern
698 1960 756 2005 aec
777 1938 864 2019 fieri,
889 1937 941 2003 ille
961 1940 1080 2011 indicat
1101 1942 1203 2029 locus,

64 2024 119 2172 phi
149 2016 281 2092 dicitur:
318 2022 547 2111 discoquitur,
563 2022 709 2104 vitium,
740 2033 847 2111 atque
875 2025 1033 2092 exundat
1059 2029 1203 2097 inutilis

89 2126 196 2174 umor.
252 2146 255 2153 -

299 2229 367 2307 65.
411 2184 683 2307 -Aerurnnae
719 2230 964 2306 Herculis.

116 2396 117 2400 =
151 2358 238 2427 Aliae
282 2355 427 2439 uaedam,
451 2371 578 2446 praeter
601 2360 676 2438 has,
710 2381 794 2446 quae
826 2357 879 2425 hic
900 2357 1120 2441 continentur,
1146 2350 1204 2429 ¹fa-

23 2444 161 2514 uebulae
188 2444 230 2511 de
295 2444 401 2513 ercule
430 2445 472 2510 fin
501 2455 604 2513 untur.
644 2441 731 2510 Nam
759 2444 861 2512 fertur
891 2457 924 2512 et
950 2444 1203 2533 Erymantheum

19 2550 22 2555 ·
66 2529 237 2621 duendanr
257 2551 369 2615 aprum
400 2467 574 2612 occidisse3
615 2541 648 2599 et
675 2551 785 2617 cerro?
805 2530 932 2598 cuidam
960 2553 1059 2597 aurea
1081 2555 1205 2600 cornua

66 2615 254 2695 abstulisse3
277 2624 320 2684 ,et
342 2617 532 2687 Amazonam
555 2615 660 2705 balteo
682 2615 837 2703 spoliasse
844 2640 857 2695 ς
890 2627 924 2682 et
952 2614 995 2682 de
1013 2618 1104 2704 equis
1123 2620 1205 2685 Dio-

66 2703 166 2771 medis
206 2701 367 2767 victoriam
384 2706 387 2711 '
406 2701 568 2783 retulisse;
612 2713 645 2769 et
681 2700 816 2766 Lucano
856 2713 1042 2781 attestante,
1086 2703 1205 2771 Ossam

66 2799 224 2866 montem,
246 2787 479 2873 superpositum
496 2811 521 2855 a
546 2787 742 2875 Gigantibus
764 2787 919 2875 Olympo,
942 2786 1116 2875 dejecisse;
1144 2794 1206 2856 sub

26 2897 131 2944 acunc
155 2870 293 2941 anhelitu
316 2872 438 2955 CXXV
470 2896 582 2963 passus
605 2896 701 2942 cursu
719 2871 839 2960 pedum
863 2873 1069 2959 percurrisse.
1111 2876 1207 2949 Quae

68 2973 174 3028 tamen
197 2954 382 3045 praedictae
404 2956 530 3027 fabulae
551 2958 625 3025 ideo
647 2960 786 3027 hicnon
808 2956 901 3046 plene
916 2959 1108 3041 scribuntur,
1130 2963 1207 3048 qnia

67 3068 140 3115 raro
172 3043 379 3112 inveniuntur.

253 3174 324 3250 64.
378 3130 665 3277 Eurystheus
703 3185 747 3249 et
781 3173 1021 3249 Hercules.
1063 3242 1066 3247 ,

153 3305 354 3396 Eurystheus
375 3325 432 3370 rex
456 3302 514 3372 suit
538 3304 715 3384 Graeciae,
745 3303 859 3376 Persei
880 3324 1005 3390 genus,
1034 3299 1088 3389 qui
1108 3300 1210 3368 Juno-

28 3390 118 3462 asnis
140 3390 296 3471 instinctu
324 3391 503 3477 imperabat
527 3390 677 3470 Herculi,
707 3401 742 3457 ut
762 3390 849 3456 varia
869 3397 1011 3457 monstra
1032 3399 1211 3475 superaret,

70 3477 185 3565 quibus
215 3486 325 3564 posset
352 3475 466 3564 perire.
526 3474 623 3547 Unde
654 3498 728 3543 eum
758 3474 874 3543 durum
906 3479 1003 3565 poeta
1033 3472 1212 3562 appellavit,

70 3562 124 3650 qui
141 3563 249 3651 potuit
272 3558 314 3629 ad
336 3558 559 3650 complendum
581 3561 689 3631 odium
711 3562 880 3630 novercale
899 3561 1060 3629 sulficere.

312 3716 379 3791 65.
434 3720 621 3795 Busiris
663 3730 705 3793 et
737 3717 977 3795 Hercules.

8 3906 10 3910 ,
103 3865 105 3877 ’
156 3846 277 3914 Busiris
300 3866 356 3912 rex
378 3846 436 3912 suit
459 3847 607 3937 Aegypti,
651 3849 715 3926 Qui
742 3870 841 3939 quum
866 3857 1035 3935 susceptos
1066 3845 1212 3936 hospites

31 3934 267 4010 tcimmolaret,
312 3935 352 3999 ah
388 3932 530 4000 Hercule
559 3934 746 4003 interemtus
777 3948 843 4018 est,
884 3956 983 4025 quum
1013 3931 1107 4001 etiam
1123 3943 1215 4002 'eum

74 4020 222 4109 voluisset
244 4017 401 4085 occidere.
469 4030 491 4101 J
679 4102 680 4107 ἵ
726 4047 731 4052 ·
1063 4037 1066 4045 ·
