2632 4658
136 140 192 215 82
452 138 637 243 Mplhopr.
664 142 718 216 11.
770 136 840 217 25.
881 136 950 216 24.

137 335 248 392 contra
268 345 374 395 rerum
397 337 541 396 naturum
570 326 601 391 in
616 322 736 413 :mediis
764 325 892 395 aestivis
920 324 1097 395 fervoribus
1127 326 1268 415 (foetas)
1306 303 1308 309 ¹

136 434 195 477 ova
217 411 338 501 pariat,
358 412 425 479 sive
444 412 532 501 qnod
551 409 665 487 multas
684 410 933 499 significationes
953 434 1068 483 vocum
1087 412 1200 483 habet.

415 578 482 655 25.
537 577 780 681 Apollinis
814 578 987 660 laurus.

219 707 271 774 De
291 707 381 774 lauro
402 720 506 775 autem
528 707 588 795 ipsi
609 721 798 775 consecrata
815 708 897 777 haec
913 710 963 779 e'st
976 712 1093 780 sabula.
1121 710 1269 801 Daphne,

110 794 237 860 aPenei
257 795 392 860 fluminis
413 793 493 872 filiu,
548 815 621 857 num
650 793 789 861 omnium
814 794 970 883 virginum
990 796 1180 868 Thessaliae
1199 820 1269 889 spe·

134 878 305 945 ciosissima
335 890 435 958 esset,
467 816 594 979 Apdllo,
626 900 665 943 ea
699 891 888 961 consecto,
918 883 1021 951 forma
1053 884 1121 976 ejus
1147 883 1271 961 exarsit,

135 966 266 1051 cupiens
293 963 335 1029 illi
363 965 422 1029 vim
454 963 581 1028 interro.
634 964 710 1043 Illa,
740 988 759 1031 a
784 978 1024 1055 vocaremus,
1046 968 1146 1038 ntrir
1171 968 1271 1037 'nimi

132 1073 226 1138 opem
247 1049 360 1128 ferret,
390 1049 516 1115 Terrae
535 1048 736 1115 miseratione
766 1062 840 1117 ante
861 1053 1065 1122 concubitum
1097 1056 1129 1121 in
1178 1076 1269 1121 urum

134 1149 183 1202 est
207 1156 377 1209 conversa,
405 1146 439 1201 et
458 1135 500 1199 ab
522 1132 662 1221 Apolline
682 1135 713 1200 in
735 1134 866 1202 tutelam
886 1152 1025 1227 recepta.
1065 1140 1195 1207 Dicitur
1214 1163 1268 1207 au·

94 1247 128 1296 10
136 1234 199 1287 tem
213 1220 315 1285 Penei
336 1218 473 1285 fluminis
495 1216 558 1283 filia
580 1240 670 1297 essa,
691 1217 765 1307 quin
786 1218 893 1288 laurus
918 1223 960 1288 de
980 1223 1158 1292 fluvialibus
1180 1247 1200 1290 a
1222 1224 1268 1291 uis

135 1306 290 1385 noscitur,
352 1326 413 1370 uae
441 1315 473 1375 et
500 1304 531 1367 in
560 1302 702 1391 eJnsdem
724 1303 825 1370 Penei
855 1308 990 1375 fluminis
1020 1310 1096 1400 ripis
1118 1246 1268 1378 abundat.

133 1392 243 1456 Amica
264 1325 414 1493 Apollinis
433 1390 506 1454 ideo
528 1387 661 1469 dicitur,
687 1388 762 1477 quia
781 1390 839 1471 titt,
868 1394 922 1494 qui
944 1392 986 1459 de
1007 1396 1202 1462 somniorum
1222 1394 1267 1461 ln·

134 1486 362 1565 terpretatrone
394 1475 604 1564 scripserunt,
632 1474 834 1562 promittunt,
863 1498 891 1543 st
911 1478 1018 1546 laurus
1039 1480 1267 1549 dormientibus

134 1561 176 1628 ad
198 1574 295 1651 caput
314 1560 458 1649 ponitur,
489 1580 563 1626 vera
583 1581 640 1625 eos
660 1558 780 1626 risuros
802 1562 904 1628 esse‘

91 1766 128 1816 15
316 1727 386 1805 24.
448 1724 691 1829 Apollinis
728 1754 884 1807 novem
916 1733 1086 1811 Musae.

216 1858 349 1950 Apollini
364 1880 478 1927 norem
498 1858 785 1948 deputantMusas‚
806 1863 973 1953 ipsumque
994 1859 1153 1945 decimum
1167 1858 1266 1929 Musis

133 1944 293 2037 adjiciunt,
316 1968 359 2011 ea
377 1944 419 2011 de
434 1966 541 2025 cansa
563 1944 650 2035 qnod
664 1944 823 2015 hnmanae
834 1949 925 2017 'vocis
940 1949 1053 2018 decent
1065 1959 1141 2017 sunt
1154 1946 1268 2014 modu·

43 2076 49 2089 ,.
131 2034 254 2100 lamina.
297 2030 366 2099 Nos
388 2053 462 2097 vero
493 2052 607 2097 novem
628 2030 737 2100 Musas
759 2032 925 2101 doetrinae
944 2048 978 2104 et
997 2033 1150 2101 scientiae
1170 2032 1267 2101 edici·

132 2142 204 2186 mus
231 2116 354 2185 modos.
402 2115 513 2183 Prima
541 2129 591 2183 est
617 2117 706 2197 ctio,
738 2118 828 2206 quasi
857 2119 1026 2210 cogitatio
1052 2118 1174 2207 primu
1190 2118 1268 2183 dis·

91 2203 253 2284 oocendi,
281 2224 365 2291 qnae
383 2202 710 2291 repperithistorias.
763 2205 873 2280 lilios
899 2205 981 2271 enim
1008 2206 1138 2272 Graece
1160 2200 1267 2289 janua

88 2290 91 2299 '
134 2289 265 2368 dicitnr,
287 2289 360 2376 quia
382 2288 482 2354 nuilus
504 2287 665 2354 scientiam
687 2288 827 2377 quaerit,
848 2290 906 2356 nisi
926 2292 958 2357 in
979 2312 1041 2379 qua
1063 2290 1169 2355 famae
1189 2308 1267 2355 snae

132 2374 269 2463 protelet
300 2373 498 2461 dignitatem.
551 2372 701 2439 Secunda
728 2374 889 2464 Euterpe,
920 2375 953 2441 id
980 2386 1029 2442 est
1050 2372 1132 2439 bene
1153 2372 1266 2437 delec-

133 2470 232 2537 tans,
261 2482 345 2547 quae
364 2460 477 2535 tibias;
506 2458 579 2545 quia
600 2459 734 2547 primum
756 2472 805 2529 est
820 2482 991 2549 quaerere,
1011 2458 1188 2527 secundnm
1209 2456 1266 2523 de-

133 2544 251 2610 lectari.
293 2544 407 2616 Tertia
426 2544 645 2634 Melpomene,
676 2542 710 2610 id
731 2556 783 2613 est
802 2545 927 2613 suavia
952 2546 1087 2625 dicens,
1123 2544 1173 2611 vel
1189 2564 1265 2607 me-

91 2629 341 2695 anditarionem
363 2629 523 2715 jaciens,
555 2650 640 2718 quae
658 2628 859 2718 tragoediam
891 2640 927 2697 nt
953 2632 994 2697 sit
1020 2629 1156 2718 primum
1175 2626 1265 2706 velle,

52 2798 55 2803 Ι
132 2711 309 2781 secundum
337 2714 536 2793 desiderare,
580 2714 666 2802 quod
695 2714 786 2797 velis,
822 2714 950 2783 tertium
979 2715 1142 2794 meditari,
1176 2711 1265 2801 quod

134 2798 307 2866 desideras.
349 2800 473 2874 Quarta
493 2800 627 2877 Thalia,
665 2799 697 2866 id
721 2814 769 2868 est
789 2800 879 2865 dans
899 2800 1151 2887 capacitatem,
1173 2819 1265 2901 ¹(puae

133 2884 333 2967 comoedins3
355 2886 429 2972 quia
449 2896 523 2973 post
542 2884 733 2952 desiderium
757 2907 837 2974 opus
858 2895 909 2952 est
923 2884 1108 2973 capacitate.
1145 2884 1265 2961 Quinta

133 2971 318 3061 Polymnia‚
353 2969 387 3035 id
414 2983 463 3038 est
485 2970 596 3057 pluro
616 2970 818 3049 recordans,
850 2968 898 3034 vel
917 2968 1050 3034 multae
1070 2967 1267 3049 memoriae,

91 3076 218 3145 soquae
249 3048 458 3137 rhetoricam
496 3055 571 3143 qnia
598 3068 671 3144 post
701 3056 909 3144 capacitatem
952 3054 1105 3121 memoria
1131 3063 1266 3122 est'ne·

132 3142 280 3210 cessaria.
324 3141 424 3207 Sexta
450 3151 500 3207 est
517 3140 637 3215 Erato,
671 3137 704 3204 id
733 3153 782 3209 est
806 3138 986 3206 inveniens
1012 3140 1145 3216 simile,
1181 3159 1264 3227 quae

131 3227 357 3316 geometriam
392 3226 466 3313 quia
495 3237 568 3313 post
598 3225 761 3292 scientiam
788 3237 821 3293 et
848 3224 1031 3290 memoriam
1054 3236 1188 3290 conatur
1209 3222 1264 3289 uli·

109 3313 207 3402 .quid
227 3313 287 3381 sibi
313 3311 413 3378 simile
441 3310 484 3376 de
510 3332 569 3377 suo
599 3311 746 3377 invenire.
800 3309 945 3397 Septima
964 3310 1200 3399 Terpsichore,
1230 3306 1264 3375 id

131 3412 181 3468 cst
209 3397 476 3464 insinuationem
499 3393 683 3483 formans,
716 3416 800 3484 qnae
827 3393 1018 3483 psalterium.
1067 3395 1161 3481 Ergo
1190 3402 1265 3481 post

87 3483 338 3553 reinventionem
350 3493 478 3587 oportet
490 3482 585 3549 etiam
603 3482 786 3559 discernere
801 3494 835 3550 et
847 3478 1006 3568 judicare,
1023 3479 1103 3629 ⁴(puisi
1113 3480 1266 3547 invenias.

131 3573 254 3639 Octava
283 3568 422 3651 Urania,
461 3567 496 3636 id
525 3581 573 3635 est
599 3566 772 3631 sonoritas
792 3564 968 3638 caelestis,
1003 3588 1021 3633 v
1077 3562 1167 3631 donc
1185 3586 1266 3645 vox,

152 3678 213 3724 nae
248 3654 463 3743 astrologiam.
520 3653 602 3722 Post
630 3650 886 3741 dijudicationem
916 3648 1000 3714 enim
1027 3649 1135 3737 eligis,
1173 3647 1263 3737 qnod

129 3680 234 3824 dicas,
260 3739 346 3828 qnod
368 3760 516 3828 respuas:
547 3739 668 3827 eligere
687 3738 769 3805 enim
789 3735 879 3816 utile,
910 3734 1132 3823 caducumque
1154 3732 1261 3823 despi-

130 3851 205 3895 cere
243 3824 381 3893 oaeleste
407 3825 569 3913 ingenium
606 3837 663 3893 est
713 3822 809 3890 Nona
835 3820 995 3909 Calliope,
1035 3821 1084 3885 vel
1109 3818 1264 3907 optimae

87 3914 239 3989 aaronis,
275 3910 324 3977 rel
351 3912 482 3997 optimo
511 3908 683 3983 tribuens,
718 3908 812 3997 Ergo
839 3908 886 3975 sic
916 3906 997 3971 ordo
1027 3915 1092 3974 est:
1126 3903 1264 4007 primunr

128 3998 206 4067 velle
228 3997 421 4076 doctrinam
452 3994 628 4062 secundum
650 3990 810 4075 delectari,
830 3991 916 4083 qnod
938 3990 1031 4072 velis;
1064 4000 1193 4059 remum
1214 3990 1262 4055 in-

126 4097 213 4153 stare
235 4083 277 4150 ad
296 4081 348 4163 id,
375 4105 438 4167 quo
459 4081 634 4149 delectatus
655 4102 707 4159 es;
728 4092 874 4168 quartum
894 4088 944 4146 est
960 4095 1087 4165 capere,
1109 4073 1151 4142 ad
1173 4072 1264 4164 qnod

126 4173 223 4240 instas
244 4168 293 4237 vel
312 4167 529 4239 desideratum
550 4178 615 4251 est3
647 4165 790 4256 quintum
811 4162 997 4247 memorari,
1036 4158 1124 4252 qnod
1154 4160 1263 4252 capia3
