2632 4658
373 286 376 293 Ι
471 204 578 261 tionis
616 202 837 263 obscurano.
1146 212 1225 275 xvu

79 381 149 521 eett
167 380 275 547 trans)
294 370 415 437 flumen
452 354 669 456 Danubioni',
709 336 789 463 gens
823 370 1041 469 barbarorum
1065 346 1108 441 ¹et
1132 377 1220 449 ,Βαι-

79 466 134 521 ma
150 481 208 521 um
244 476 288 520 a.
755 520 759 533 ‚
833 470 848 503 Ὗ
918 479 922 497 “
1280 498 1291 536 t

167 568 224 649 34.
268 568 352 633 Post
362 567 567 635 Pannoniam
582 562 764 635 Galliarum
778 566 959 655 provincia,
981 595 1066 660 quae
1081 556 1235 640 maxima

81 664 155 736 est,
185 664 218 718 et
236 664 371 743 propter
394 653 623 757 imperatorem
645 676 710 743 quo
732 675 862 742 semper
890 665 983 744 eget,
1018 656 1052 721 in
1073 657 1220 725 multitu·

82 739 162 803 dine
194 738 346 805 omnibus
376 739 472 805 bonis
501 740 688 821 habundat,
719 739 778 803 sed
806 737 942 829 plurimi
970 741 1091 830 pretiis
1125 746 1220 812 eitius

80 824 223 891 maxima
251 825 364 890 eivitas
384 824 516 892 Treviri
536 824 569 917 b)
590 825 731 905 dicitur,
763 823 800 887 in
828 836 896 889 'ua
932 826 1083 893 dominus
1112 832 1220 918 gentis

81 909 316 1001 inhahitat1)=
352 921 402 975 est
424 911 512 975 enim
539 911 786 979 mediterranea·
831 848 951 977 liniet
973 912 1107 989 alteram
1130 916 1221 983 iuxta

81 1020 173 1060 mare
195 996 300 1085 priori
330 996 471 1061 similem
493 996 669 1079 civitatem,
700 1018 798 1085 quam
815 993 950 1061 Arelata
968 1010 1106 1085 vocant,
1138 1010 1222 1104 quae

83 1081 253 1170 accipiens
275 1081 383 1146 omnia
407 1082 523 1147 mundi
543 1107 587 1147 ne
610 1082 675 1147 otia
695 1104 793 1169 snpra
817 1079 922 1147 dietae
943 1082 1066 1149 civitati
1089 1088 1218 1154 emittit.

83 1167 204 1232 Omnis
226 1177 334 1232 autem
356 1168 447 1258 regio
477 1169 566 1235 viros
586 1107 687 1232 labet
704 1168 808 1231 fortes
827 1166 864 1231 in
885 1168 1034 1258 proelio,
1066 1180 1099 1236 et
1126 1172 1220 1240 nobi·
1269 1224 1272 1234 .

81 1255 133 1319 les
156 1253 192 1318 in
214 1253 306 1318 omni
325 1253 469 1342 negotio.
513 1253 577 1318 llis
598 1252 724 1319 adiacet
742 1274 823 1341 gens
857 1248 960 1319 multa
980 1254 1176 1325 Gothorum.
1218 1277 1222 1287 ·

166 1367 220 1432 35.
265 1365 346 1433 Post
360 1366 485 1433 Gallias
506 1367 681 1457 Hispania,
702 1378 789 1432 terra
804 1368 881 1451 lata,
904 1369 995 1435 dives
1012 1377 1045 1433 et
1065 1370 1219 1455 maxima,

80 1450 164 1519 viris
186 1452 291 1517 doctis
313 1463 347 1517 et
366 1450 520 1519 omnibns
540 1452 638 1519 bonis
659 1464 792 1537 ornata,
827 1476 912 1542 quae
927 1452 1092 1541 >omnibus
1120 1481 1220 1553 nego·

79 1537 139 1601 tiis
159 1536 286 1627 pollet,
314 1538 424 1605 oleum
444 1540 682 1619 veromultnm
703 1549 736 1603 et
753 1539 921 1628 liquamen
943 1539 1073 1622 emittit,
1086 1553 1220 1621 ‘restem

106 1647 217 1713 uoqoe
238 1623 381 1705 variam,
399 1635 445 1691 ‘et
467 1624 635 1711 iumenta,
668 1625 827 1714 lardoque
850 1634 883 1690 et
902 1634 1014 1715 sparto
1036 1625 1066 1716 c)
1093 1627 1219 1693 habun-
1313 1684 1315 1697 „

78 1648 186 1792 dans,
208 1733 275 1774 non
296 1710 404 1776 solum
425 1712 535 1776 omnia
561 1712 648 1776 hona
668 1710 727 1775 sed
746 1714 781 1775 ¹et
799 1710 976 1800 praecipua
996 1710 1106 1778 habet.
1164 1712 1219 1779 ln·
1292 1742 1296 1756 ·

78 1797 122 1859 de
144 1818 286 1860 oceanus
307 1820 386 1861 esse·
401 1796 542 1880 dieitur,
580 1796 675 1861 euius
723 1804 808 1869 artes
835 1796 949 1863 nullus
970 1797 1140 1863 hominum
1159 1822 1218 1887 po·
1274 1814 1279 1835 '

76 1880 144 1945 tuit
164 1904 333 1947 enarrare:
358 1895 408 1949 est
430 1883 518 1948 enim
536 1881 639 1948 eremi
668 1819 826 1963 solitudo,
854 1891 889 1947 et
916 1881 1002 1948 sieut
1023 1882 1137 1966 aiunt,
1169 1884 1219 1951 itii

80 1976 132 2031 est
153 1966 230 2031 linis
253 1965 381 2032 mundi.
594 1992 596 1997 ⁴
807 1988 817 2005 ·

72 2117 75 2121 ·
168 2081 226 2145 36.
269 2079 400 2145 Deinde
428 2087 563 2167 gyrante
584 2076 750 2144 eireuloa
797 2076 921 2143 artibus
942 2080 1045 2145 austri
1068 2080 1218 2150 iuvenies

80 2163 298 2230 Mauritaniae
319 2175 456 2245 terram,
480 2164 602 2251 inqua
631 2163 743 2253 gons'
792 2162 892 2229 ebitat
912 2164 1081 2231 bominum
1103 2168 1218 2233 barbal-

80 2253 214 2333 ro'rum‚
244 2251 399 2316 vitamet
418 2273 525 2314 mores
547 2250 635 2314 feros
665 2249 867 2314 habentium.
927 2250 1018 2317 llaec
1049 2253 1217 2339 provincia

80 2338 118 2402 in
139 2337 287 2403 vestibus
308 2335 493 2424 negotiatur
513 2344 547 2398 et
572 2335 608 2398 in
629 2334 825 2424 mancipiis,
850 2336 1023 2401 frumento
1036 2338 1139 2403 multo
1161 2341 1217 2405 ha·
1282 2392 1285 2401 .

79 2423 218 2488 bundat.
263 2422 372 2487 Habet
396 2431 429 2483 et
450 2418 611 2485 civitatem
636 2419 882 2509 bonam,'quae
904 2420 1025 2485 dieitur
1045 2421 1214 2503 Caesarea.

80 2510 164 2573 Post
189 2507 418 2593 Mauritaniam
453 2506 603 2594 sequitur
629 2503 784 2570 Numidia
810 2505 973 2571 fructibus
999 2506 1214 2576 habundansa

79 2594 213 2683 negotia
238 2604 347 2659 autem
373 2594 453 2657 haee
481 2591 580 2656 babet
609 2590 709 2656 vestis
736 2590 844 2657 variae
874 2601 907 2657 et
938 2586 1128 2659 animalium
1158 2618 1215 2687 op·

77 2681 245 2744 timorum.

108 2794 113 2809 '
164 2792 220 2857 37.
263 2790 448 2882 Abhinc-d)
468 2788 635 2878 provincia
657 2787 804 2872 Africae,
825 2787 917 2878 regio
940 2784 1031 2854 dive's
1054 2788 1214 2861 inomni·

78 2877 144 2941 bus
165 2876 350 2942 interitura
385 2879 538 2943 omnibus
567 2875 655 2939 enim
683 2874 780 2939 bonis
809 2884 922 2939 ornata
948 2885 1019 2956 est,
1051 2876 1215 2945 fructibus

79 2985 214 3051 quoque
237 2970 271 3025 et
291 2962 466 3046 iumentis,
490 2974 524 3028 et
548 2983 652 3048 paene
674 2957 687 3022 i
711 2983 746 3023 sa
767 2960 920 3025 omnibus
942 2959 1095 3047 gentibus
1117 2984 1226 3025 usum.

77 3047 147 3112 olei
167 3058 331 3137 praestare
360 3058 486 3138 potest:
520 3069 604 3137 «luae
632 2983 750 3108 multas
780 3055 813 3109 et
834 3044 1020 3108 differentes
1042 3045 1215 3133 possidens

77 3132 251 3214 civitates,
286 3158 384 3199 unam
418 3134 516 3198 hahet
551 3129 760 3219 praeeipuam
789 3140 822 3194 et
852 3128 1075 3195 admirabilem
1106 3130 1214 3232 valde,

76 3226 164 3370 Brisa
183 3219 318 3285 vocatur
336 3219 517 3323 Carthago,
539 3240 637 3306 quam
656 3215 806 3317 pendidit.
822 3212 943 3316 molier
961 3214 1058 3302 tyria,
1080 3238 1214 3285 nomme

113 3304 188 3371 idos
226 3328 309 3392 quae
330 3331 406 3371 eom
433 3305 573 3392 Libyam
593 3311 706 3385 venit,
739 3300 848 3368 lorum
869 3309 949 3365 emat
981 3309 1138 3389 quantum
1162 3324 1214 3366 eo·

75 3391 165 3457 rium
193 3391 393 3479 bubulinum
422 3392 658 3460 eneumtenere
686 3387 815 3477 potuit:
853 3409 960 3475 quae,
992 3396 1030 3450 ut
1053 3385 1243 3489 Virgilius,

92 3714 95 3719 ,
120 3717 124 3723 ,
149 3658 240 3726 a)1ts
262 3663 372 3724 uterque
398 3652 456 3707 eod.
478 3664 526 3729 prq
545 3650 742 3700 Sarmatarum.

108 3802 111 3807 .
150 3746 182 3814 b)
203 3744 269 3800 eod.
285 3742 424 3814 Tyberim.
463 3768 466 3777 ν
755 3748 759 3755 ’
1127 3736 1149 3789 (Ι

150 3835 181 3902 ι)
200 3820 349 3888 ammonas
386 3831 470 3884 uam.
498 3824 604 3881 usxv
632 3824 694 3879 osii
726 3820 850 3875 nestros
877 3817 1036 3872 amicarum
1063 3818 1214 3890 patmum

75 3906 192 3962 clarum.
227 3908 337 3959 Praeter
355 3903 485 3972 principes
506 3898 675 3963 vetustiores,
697 3894 892 3949 Consentinum
907 3896 1027 3959 'qnoque
1052 3890 1213 3945 Constantini

72 3980 164 4044 magni
185 3979 281 4043 filium,
304 3976 461 4042 fratremque
482 3969 539 4039 ejus
558 3972 743 4034 Constantem,
768 3966 805 4019 ibi
832 3969 962 4029 moratos,
979 3963 1138 4031 demonstrat
1154 3966 1212 4018 Go-

72 4050 219 4104 thofr'edus.

147 4141 177 4208 e)
197 4139 264 4193 cod.
286 4135 445 4207 tardumque
464 4141 492 4185 st
514 4137 650 4200 spartum.

79 4252 84 4264 ’
147 4228 183 4295 d)
200 4227 269 4282 θοὰ.
285 4223 321 4278 ab
337 4225 417 4279 hunc.
