2632 4658
145 204 201 283 90
454 182 637 301 Mydogr,
663 171 991 339 ursa-sa

142 381 240 531 lopati
265 376 354 467 pacis
375 370 605 475 caduceatores
632 370 791 449 dieantur.
844 376 1048 445 sicutenim
1064 400 1124 467 pfl·
1144 377 1276 449 famu.

144 468 225 537 hela
242 464 478 543 indicebantur,
511 470 556 547 rtp
561 480 638 610 1pay
659 482 719 547 pes
740 459 970 539 caduceatore,
994 466 1102 535 fiebat
1142 460 1274 557 :Eme

40 588 44 594 ·
144 563 253 629 autern
269 552 397 625 Graece
417 544 543 624 dieitur,
593 545 678 616 atine
698 546 900 635 interpres.l
950 579 953 585 ·

535 707 605 783 dd.
658 707 885 817 Orpheus.

108 875 129 927 5
228 850 255 918 A¹
279 845 356 924 ollo,
376 843 444 932 lyra
464 850 617 940 accepta,
638 838 822 931 Orpheum,
843 841 968 931 Oeagri
990 842 1127 911 lluminis
1145 854 1179 913 et
1200 846 1272 917 Cal-

142 935 242 1020 liopes
257 871 377 1007 lillusae
398 928 505 1003 filium,
521 923 642 991 ducitur
664 922 821 1001 docuisse,
842 940 876 997 et
918 939 1063 1014 ostonem
1084 929 1155 1019 ipse
1175 930 1272 1001 citha-

143 1043 210 1091 ram
240 1018 372 1093 invenit,
404 1014 504 1103 lyram
535 1008 576 1085 illi
605 1014 812 1077 concessisse.
905 1012 937 1079 io
965 1026 1071 1089 autem
1100 1016 1286 1106 theologus.

142 1106 218 1185 luit,
250 1118 283 1171 et
302 1102 395 1189 orgia
417 1098 535 1189 primus
555 1094 698 1162 instituit
747 1097 793 1165 Et
812 1098 887 1184 quia
917 1098 1079 1185 hominnm
1112 1093 1271 1174 feritatem

141 1213 264 1263 morum
289 1184 466 1274 composuit
485 1180 700 1256 institutione,
723 1179 839 1262 (licitur
860 1185 992 1254 arbores
1013 1197 1047 1254 et
1069 1208 1149 1255 saxa
1170 1188 1219 1271 ad¹
1233 1214 1270 1259 se

99 1273 332 1348 loaudiendum
355 1266 583 1341 commonendo
605 1266 759 1342 illiouisse.

223 1387 304 1460 Erat
324 1395 430 1457 autem
450 1383 460 1450 i
484 1385 510 1449 si
533 1406 598 1457 uua
622 1404 661 1447 ex
680 1381 864 1472 Dryadibus
882 1406 972 1465 uxor,
994 1382 1080 1453 diota
1094 1386 1148 1455 Eu
1188 1387 1266 1457 dice.

139 1474 232 1547 Quae
265 1468 414 1548 Aristaei,
450 1408 504 1544 dlii
538 1466 686 1555 Apollinis
705 1484 738 1535 et
758 1470 903 1559 Cyrenes
930 1470 1116 1561 Nymphae,
1150 1410 1268 1555 'deaei

138 1557 274 1632 fluminis
312 1554 516 1633 Thessaliae,
551 1555 650 1631 tiliae,
688 1552 817 1621 insidias
837 1555 981 1643 lugiens,
1019 1571 1204 1663 serpentem
1235 1562 1266 1629 in

98 1638 713 1797 2llls¹tilllll⁰llllerudi?
734 1640 839 1796 iil?
865 1666 886 1791 l
888 1665 989 1793 ⁰:2⁹3?
1018 1644 1120 1799 legs.
1136 1638 1266 1797 Tusa

116 1750 344 1883 ⁵rillsosaucesp
353 1793 446 1889 adiit,
479 1796 645 1879 et'cantus
667 1748 835 1883 dulcedini
854 1753 939 1891 llus
959 1752 1117 1895 fddietbtem
1138 1756 1265 1906 palidi

136 1902 195 1978 vit,
218 1900 390 1985 impetrans
409 1897 593 1987 Eurydicen
613 1920 652 1964 ea
674 1908 795 1975 tantum
816 1898 890 1985 lege
913 1898 972 1965 sibi
993 1900 1104 1989 reddi,
1134 1916 1171 1971 ut
1192 1930 1263 1975 eum

135 1988 381 2073 subsequentem
402 1984 631 2077 praecederet,
657 2005 719 2047 nec
737 1983 816 2055 illlus
838 2006 934 2053 causa
958 1985 1056 2053 visum
1077 1998 1166 2065 retro
1186 1992 1264 2059 flec-

135 2085 226 2138 teret.
282 2068 406 2143 Amoris
443 2082 549 2146 autem
586 2068 780 2158 impatientia
811 2067 907 2143 datae
937 2068 999 2137 sibi
1026 2070 1108 2161 legis
1137 2076 1263 2161 oblitus,

93 2181 214 2230 aosuae
245 2156 313 2244 jam
351 2156 514 2241 potestatis
552 2155 721 2241 con'ugem
758 2156 915 2242 respexit,
959 2154 1100 2259 legeque
1124 2160 1262 2237 sutorum

135 2266 205 2309 eam
226 2240 428 2320 retrahente,
456 2239 562 2309 subito
583 2181 625 2307 ab
646 2237 745 2315 oculis
765 2238 888 2329 lapsam
908 2238 1056 2330 perdidit.

249 2404 336 2499 dli.
399 2407 620 2532 duppiter
653 2420 693 2485 et
725 2402 871 2487 Aetas
903 2406 1122 2515 Nympha.
1169 2386 1173 2393 .
1232 2425 1236 2439 ·

216 2538 362 2633 luppiter
382 2540 515 2604 Aetnam
530 2537 710 2626 Nympbam
731 2535 917 2624 compressit
938 2547 971 2601 et
990 2536 1156 2625 gravidam
1177 2540 1263 2611 lecit.

133 2627 236 2699 Quam
258 2647 354 2710 quum
376 2624 462 2688 Juno
484 2636 740 2710 persequeretur,
759 2620 811 2699 illa
831 2623 956 2697 Terrae
975 2621 1151 2711 implorauit
1171 2628 1266 2693 auxi-

90 2711 226 2791 aslium,
259 2712 290 2775 in
313 2709 404 2796 cujus
435 2709 520 2774 sinus
553 2722 700 2800 recepta,
734 2707 826 2799 enixa
853 2719 903 2781 est
929 2709 1091 2795 geminos,
1122 2711 1263 2781 uaedam

154 2809 224 2861 artu
246 2806 379 2867 maturo.
425 2792 500 2873 Vel,
523 2805 558 2860 ut
577 2795 627 2859 alii
648 2795 767 2872 dicunt,
787 2793 939 2885 Juppiter'
955 2794 1068 2869 timens
1089 2796 1261 2881 lunonem,

130 2820 257 2946 ll'errae
277 2878 520 2949 commendabat
539 2879 659 2967 ipsamy
693 2879 870 2946 secundum
897 2877 992 2960 alios,
1024 2894 1150 2967 partum
1181 2882 1260 2973 ejus.

130 2966 202 3033 Hos
225 2980 311 3035 terra
331 2966 414 3033 iutra
433 2965 591 3053 gremium
611 2986 704 3034 suum
725 2977 791 3035 tam
813 2964 869 3041 diu
901 2964 996 3046 fovit,
1029 2967 1181 3053 quamdiu
1210 2970 1261 3037 lex

131 3052 214 3119 uteri
232 3050 428 3141 postulabat,
470 3064 634 3139 ›osteaque
666 3050 760 3117 enixa
781 3062 839 3117 est.
880 3048 977 3117 Unde
997 3050 1114 3129 Palici,
1150 3050 1184 3117 id
1213 3066 1262 3123 est

88 3135 184 3208 aubis
202 3137 339 3224 geniti,
367 3136 516 3225 appelati
533 3152 615 3205 sunt.
669 3136 742 3211 Hos
771 3149 877 3205 auteur
907 3135 1041 3201 immites
1073 3138 1191 3215 luisse,
1228 3153 1261 3208 et

131 3223 270 3288 humano
300 3224 457 3309 sanguine
483 3222 604 3311 placari
633 3233 821 3301 consuetos,
854 3220 960 3295 labala
987 3221 1180 3303 disserente,
1212 3240 1261 3293 est

128 3308 297 3377 firmatum.
340 3308 460 3374 Postea
481 3306 671 3396 quibusdam
691 3307 791 3382 saeris
811 3306 946 3395 mitigati
966 3320 1057 3390 sunt,
1093 3321 1126 3385 et
1147 3332 1260 3385 eorum

127 3395 293 3464 immutata
311 3393 476 3469 sacrificia

517 3561 586 3637 46.
649 3560 872 3663 Cybela.
933 3630 937 3636 .

85 3718 122 3768 35
215 3689 338 3779 Cybele
365 3700 466 3758 mater
496 3688 629 3757 deorum
651 3678 797 3768 dicitur,
834 3710 918 3838 (prae
948 3687 1054 3753 currui
1082 3689 1258 3791 subjunctis

129 3774 272 3841 leonibus
294 3775 423 3842 rebitur.
467 3777 668 3866 Corybantes
688 3776 803 3841 strictis
822 3773 935 3860 gadiis
950 3774 1086 3840 munitos
1099 3776 1258 3847 ministros

127 3860 264 3939 habere,
298 3874 330 3927 et
350 3864 492 3928 turritam
514 3876 644 3949 gestare
675 3884 825 3927 coronam
853 3859 993 3945 fingitur.
1046 3859 1126 3926 Ideo
1158 3862 1260 3949 igitur

126 3960 227 4013 mater
249 3946 382 4012 deorum
404 3970 501 4013 curru
517 3950 585 4014 rehi
608 3946 731 4026 dicitur,
752 3945 826 4034 quia
845 3946 915 4035 ipsa
936 3958 986 4013 est
1001 3959 1097 4024 terra,
1119 3948 1258 4034 quaein

127 4039 203 4097 aere
224 4033 435 4120 suspenditur.
478 4032 556 4099 Ideo
580 4032 751 4101 sustinetur
770 4032 867 4113 rotis,
901 4031 976 4117 quia
1004 4032 1142 4099 muudus
1172 4045 1259 4100 rota·

86 4133 180 4191 solur
215 4131 248 4185 et
285 4119 462 4185 revolubilis
494 4132 551 4187 est.
608 4119 688 4184 Ideo
725 4118 754 4183 ei
782 4117 1017 4206 subjunguntur
1046 4118 1173 4200 leones,
1223 4130 1260 4185 ut

128 4204 331 4285 ostendatur,
364 4217 537 4271 maternam
559 4204 709 4292 pietatem
731 4216 833 4271 totum
855 4226 951 4291 posse
971 4226 1132 4290 superare
1165 4203 1258 4271 ¹Ideo
