2632 4658
326 156 511 259 uptoga
539 157 625 231 rur
658 109 936 229 swa-ss..
1106 152 1187 231 ras
1298 260 1301 269 Ι

58 339 106 411 sol
128 338 292 429 accipitur.
323 334 401 429 Ipse
417 337 500 405 enirn
517 346 551 405 et
564 338 626 404 flos
646 332 1187 425 et-prinoapefbteii'arnrb'etbantia

54 425 333 505 omniumrflorunr
352 434 412 507 est.
454 422 561 497 Quem
580 422 695 489 amerit
710 422 951 510 Bereeyatbim·
967 422 1001 489 id
1023 437 1186 503 est-terror

54 512 164 579 Terra
184 510 286 590 enim,
317 507 489 576 eonstrieta
504 508 632 593 frigore
662 507 791 587 hiemis,
828 506 962 573 relaxari
994 510 1186 582 etreioreii

53 596 127 663 solis
149 591 457 663 caloredosiderat.
496 592 658 659 Iohannes
679 605 786 660 tamen
809 593 1024 660 Sestos-Atio
1042 598 1186 683 puerunt

55 685 225 768 impetum
258 679 325 746 sire
351 678 552 767 proximum
590 677 669 743 dieit
707 679 930 765 interpretant-
969 680 1096 748 Dantur
1117 684 1153 748 0
1175 683 1209 762 i5'

55 779 223 855 tympana,
254 762 340 853 qnod
361 776 449 832 terra
471 760 597 829 duobus
625 762 704 829 oaeii
732 763 969 852 hemisphaeriis
999 764 1139 833 oireunrs
1177 792 1193 807 ··

55 852 148 920 latur.
179 849 347 941 ‚Cymbala
368 871 431 938 qno
455 870 496 915 ue
525 849 558 915 in
587 846 655 950 ejus
684 860 759 915 sunt
785 850 900 929 tutela,
940 851 1027 937 quod
1055 865 1088 920 et
1117 854 1187 943 ipsa

54 935 238 1024 bemieyeiis
260 935 363 1017 σιὼ
386 934 443 1022 qni
463 957 504 1000 us
525 934 790 1023 eingrtnr·terra‚·
804 932 915 1001 simiira
933 946 1019 1003 sunt:
1046 938 1187 1009 Vestam
1267 980 1270 986 -
1298 944 1301 953 '

56 1023 86 1087 ei
108 1021 307 1104 desmignis
323 1017 619 1105 adhaereretingit
642 1019 844 1099 Martiarum:
866 1021 991 1111 quia-in
1012 1020 1187 1091 visceribus

56 1118 163 1175 terrae
173 1107 257 1193 ignis
267 1106 430 1193 insanitur.
451 1102 616 1171 Vide-us
627 1104 710 1170 enim
726 1105 773 1171 de
787 1104 925 1179 silicibus
936 1100 1046 1192 tgnta
1060 1109 1184 1183 ereutii
1193 1124 1228 1181 ro

139 1193 171 1258 5.
217 1191 302 1266 Quia
323 1213 398 1256 vero
420 1188 463 1255 de
484 1189 583 1258 Vesta
604 1212 698 1256 easus
720 1192 965 1272 ortus.est‚fde
986 1186 1189 1285 aai‘aliquattv

56 1276 290 1344 tulum'senno
316 1275 483 1365 procedat
515 1276 622 1341 :Hane
649 1275 737 1342 ioris
753 1300 760 1331 .·
774 1296 846 1343 esse
872 1278 1100 1348 nutrioamret-
1128 1303 1186 1347 suo

46 1384 131 1431 ,eum
152 1362 276 1449 gremio
297 1373 510 1440 sustentasse,
522 1396 527 1403 ·
539 1362 576 1427 in
591 1359 707 1427 eodem
720 1355 1048 1450 1Martiano¹iegimns2
1070 1356 1189 1441 ¹(tund

59 1450 101 1515 ob
123 1448 325 1531 boe-iistnm
357 1448 402 1514 ait
431 1445 618 1534 Remigius,
650 1447 725 1597 piria
740 1448 888 1516 -terturu
903 1447 1101 1539 philosophis
1121 1464 1187 1521 ter-

58 1556 138 1600 reno
159 1532 243 1622 igni,
269 1533 325 1622 qni
341 1552 404 1621 per
422 1532 573 1611 Vestam,
601 1554 659 1598 eae
670 1544 797 1614 estem·
813 1533 876 1621 qoi=
888 1556 947 1623 per
964 1535 1080 1601 Jo'tent
1096 1537 1231 1625 intubis

59 1618 186 1706 rigitur,
207 1617 317 1705 ignem
338 1617 472 1685 nutriri·
513 1615 563 1684 Ut'
586 1630 693 1684 sutem
724 1617 1189 1707 dea-ignis-esse··eredatur,·

59 1700 346 1793 argumentosam
389 1712 488 1782 otest,
516 1703 603 1790 qnod
624 1704 655 1768 in
680 1703 747 1791 ejus
768 1705 886 1792 templo
908 1705 1211 1793 ignis··onstoditurt·

58 1791 259 1858 inextinctus.
271 1789 348 1875 „ovi
382 1813 420 1855 ns
440 1788 587 1854 etiamzin
608 1787 689 1853 libro
709 1790 944 1857 Fastornm'ab
955 1793 1100 1894 antiquis
1114 1810 1191 1861 earrr

59 1874 293 1945 socom-innuit
314 1876 516 1942 nominatum.
565 1871 634 1938 Sed
664 1885 696 1939 et
724 1875 758 1940 in
785 1874 919 1941 introitu·
946 1879 1054 1964 tempir
1079 1880 1187 1966 ignem

60 1960 135 2028 olim
162 1960 278 2036 fuisse,
309 1982 413 2049 eoque
438 1959 512 2024 loeo
541 1967 673 2025 ennotoa
693 1958 831 2047 (quippe
847 1960 986 2043 interius
1015 1952 1237 2036 sacrariumib’

59 2047 140 2112 inire
161 2045 291 2133 vetitos)
313 2047 411 2113 saeris
432 2066 563 2133 operam
584 2042 793 2129 impendisse,
816 2055 849 2112 et
870 2046 943 2112 hino
961 2046 1064 2134 ipsum
1082 2049 1192 2118 locum·

62 2133 221 2214 uVesta‚
252 2131 287 2197 id
310 2142 359 2200 est
379 2131 473 2210 foco,
510 2128 698 2195 vestibulum
720 2152 791 2196 esse
812 2129 930 2199 dietum
952 2145 1052 2220 putat.
1093 2136 1191 2203 Addit

63 2238 208 2305 quoque,
245 2216 361 2283 nullam
394 2218 533 2295 Vestae,
577 2215 660 2282 siout
690 2238 752 2281 neo
786 2215 872 2302 igni,
920 2219 973 2306 qui
1003 2242 1129 2307 semper
1158 2225 1190 2287 in

62 2315 152 2370 motu
173 2312 240 2381 est,
262 2303 303 2368 ab
324 2301 457 2390 antiquis
480 2300 661 2367 attributam
683 2301 840 2389 effigiem3
861 2302 919 2369 sed
941 2314 973 2370 et
992 2304 1083 2384 ideo,
1104 2306 1190 2394 quod

63 2400 98 2456 et
116 2388 201 2475 ignis
221 2407 339 2454 numen
361 2410 433 2453 esse
453 2387 620 2464 meruerit,
651 2397 685 2453 et
703 2387 812 2472 ignem
841 2387 881 2454 in·
904 2388 1021 2476 templo
1042 2386 1231 2494 Jup'pitertu

62 2472 227 2557 babuerit,
262 2495 333 2540 eam
361 2472 555 2562 potissimam
583 2472 744 2558 religionis
773 2472 867 2539 deam
889 2473 1023 2541 dicimus
1043 2476 1191 2544 habitam.

62 2559 150 2627 Nam
173 2570 207 2626 ot
226 2558 298 2625 sine
315 2560 392 2645 igne
413 2557 549 2635 nulium,
582 2556 647 2624 utl
692 2557 772 2639 itur,
807 2570 878 2625 erat
895 2560 1103 2642 sacrificium,-
1125 2582 1236 2629 ·nee····

63 2645 134 2712 sine
155 2667 196 2711 eo
217 2644 279 2711 ulia
301 2645 466 2715 colebatur
494 2642 618 2730 religio.
693 2639 757 2707 nde
780 2644 919 2732 etipsa,
950 2657 986 2715 nt
1006 2646 1192 2725 Janns‚·-in

64 2730 210 2798 omnibus
250 2731 413 2811 sacrifieiis
458 2730 673 2796 invocabatur.
738 2728 826 2795 Hine
863 2742 896 2798 et
932 2730 1024 2799 sutim
1063 2747 1193 2801 veteres

65 2817 133 2908 ejus
154 2814 325 2883 ministerio
344 2836 419 2882 reor
434 2813 603 2881 addixisse.
637 2813 699 2880 Est
714 2828 821 2883 autem
840 2813 933 2900 fetis
947 2840 1002 2884 vas
1018 2817 1190 2915 quoddam,
1197 2839 1236 2887 aa

64 2915 102 2970 nt
120 2903 166 2970 ait
183 2902 331 2980 Servius,
360 2901 426 2968 lato
448 2922 521 2980 ore,
554 2897 654 2965 fundo
676 2910 831 2984 angustat,
865 2922 929 2991 quo
955 2902 988 2968 in
1008 2906 1109 2971 saone
1130 2906 1193 2970 Ve-

23 3010 26 3017 ·
64 2999 135 3056 stae
151 2986 343 3054 sacerdotes
363 2987 546 3054 utebantur.
589 2987 680 3071 Aqua
709 2982 792 3050 enirn
813 2984 854 3051 ad
877 2986 945 3075 ejus
965 3006 1059 3054 saera
1079 2991 1195 3057 bansta
1216 3020 1229 3031 ··

64 3072 154 3141 bumi
167 3095 238 3139 ‘non
261 3072 493 3162 deponebatur.
532 3067 630 3142 Quod
649 3068 676 3135 si
693 3070 802 3152 fieret,
823 3071 980 3157 piaaninm
1000 3084 1079 3141 erat.
1099 3074 1194 3141 -Ideo

66 3159 282 3246 excogitatam
310 3182 364 3227 vas
388 3167 453 3237 est,
490 3152 577 3257 quod
605 3167 692 3223 stare
720 3176 783 3219 non
811 3168 935 3243 posset,
968 3157 1026 3224 aed
1055 3161 1193 3246 positum

67 3246 191 3323 entim,
238 3241 387 3331 quioquid
408 3242 646 3320 mnanuisset,
688 3239 881 3322 effunderet3
932 3255 965 3311 et
996 3244 1118 3331 ipsum,
1155 3259 1235 3318 otas

67 3331 230 3408 existimo,
260 3329 458 3414 significans:
490 3327 573 3393 sieut
593 3349 613 3392 a
638 3348 731 3392 manu
749 3347 813 3405 non
838 3327 1073 3412 remittebatur,
1108 3332 1194 3399 itaa

66 3415 232 3504 reiigione.
245 3413 326 3480 nullo
349 3426 492 3500 tempore
514 3435 586 3479 esse
607 3410 805 3479 cessandum.

153 3503 184 3568 6.
225 3498 372 3566 Eandem
401 3512 507 3565 tamen
528 3499 658 3564 Vestam
679 3495 811 3562 Ovidius
842 3493 953 3562 sicuti
1002 3518 1068 3577 ern,
1100 3499 1195 3566 itaet

66 3598 186 3657 terram
203 3585 348 3672 relinquit
367 3583 514 3670 intelligi3
538 3579 622 3648 unde
644 3593 677 3649 et
691 3581 838 3669 tempium
858 3579 936 3645 eiet
952 3593 966 3649 t
988 3582 1071 3649 otu·
1087 3584 1194 3673 templi

67 3672 110 3740 ad
129 3669 360 3739 similitudinem
391 3682 497 3736 terrae
524 3665 662 3734 rotunda
692 3664 767 3733 dioit
792 3665 953 3745 attribni‚·
973 3667 1072 3755 idque
1097 3671 1240 3749 etiamen

68 3780 126 3848 per
147 3757 280 3824 nominis
303 3754 440 3845 etymolo
466 3755 528 3820 'ans
548 3753 723 3825 evidenter¹
752 3754 867 3818 robare
888 3764 1047 3835 conatur„
1076 3764 1193 3821 terram

67 3842 245 3931 nuncupari
281 3863 427 3908 asserens
488 3850 607 3919 astum,
646 3859 709 3925 quo
764 3838 831 3904 sola
863 3837 952 3925 qnasi
979 3838 1009 3905 ri
1036 3860 1094 3907 aas
1122 3852 1193 3915 stet,
1232 3866 1242 3877 ··

89 3951 165 3995 unm
188 3939 297 3995 uetera
317 3927 472 3993 elementa
493 3926 561 3992 sine
582 3922 811 3991 intermissione
831 3923 937 3989 omnia
957 3925 1075 3991 moveri
1097 3930 1193 3991 moni-

67 3953 184 4083 iestnm
206 4013 256 4079 sit.
298 4013 373 4078 Hae
396 4010 489 4078 etiarn
511 4009 552 4075 de
576 4033 672 4078 eausa
690 4009 818 4075 Vestam
839 4011 1038 4112 ereptorem
1060 4012 1194 4078 eandem
1298 4012 1301 4017 ’

67 4099 166 4167 inisse
188 4119 252 4164 non
273 4098 366 4186 pauci
385 4095 589 4167 contendunt
639 4093 824 4163 Secundum
845 4094 983 4162 'l'uibum
1004 4108 1109 4163 tamen
1132 4099 1190 4161 Ve·
1203 4123 1239 4166 ts

67 4199 139 4255 stae
167 4206 283 4252 nomen
312 4182 487 4251 aGraeeis
508 4192 566 4250 est
617 4181 671 4248 Ea
698 4178 801 4263 enim,
841 4179 958 4267 inquit}
994 4194 1058 4263 est,
1107 4204 1193 4269 quae
