2632 4658
134 172 216 256 tat
448 184 630 286 nynia.
659 184 731 259 m.
785 183 826 260 c.
879 182 961 259 aa·
1007 192 1029 247 .·
1065 146 1075 283 J

136 377 248 452 erant,
292 366 351 436 sed
383 366 426 434 ad
457 368 650 436 victimarum
682 370 883 459 pertinebant
918 358 1184 459 explorationbm.
1238 366 1269 434 Sl

137 454 220 520 enim
241 476 305 520 non
325 465 509 556 stuperent,
540 465 636 557 aptae
657 454 854 521 videbantur.
999 478 1005 505 ι
1052 480 1056 485 ·
1227 484 1253 539 '.

223 539 275 611 32
318 540 412 606 Vittrs
433 541 526 607 etiam
546 541 695 607 victimae
724 540 989 617 coronabantur,
1006 544 1040 602 et
1059 534 1145 602 salsa
1166 535 1270 623 fruge,

138 621 173 691 id
194 635 245 691 est
264 623 330 690 sale
351 636 385 692 et
407 625 492 691 farre
512 624 615 692 mixtis
639 625 742 714 (quae
758 624 842 691 mola
862 623 946 689 salsa
967 618 1165 723 uocabatur)
1189 622 1281 709 fron!

101 708 286 785 ,onictimae
305 720 338 775 et
359 710 422 775 loci
454 711 711 798 aspergebantur
742 722 776 777 et
803 707 905 775 cultri.
947 706 1065 772 Flebat
1095 720 1208 775 autem
1234 704 1272 785 de

138 793 241 859 borna
262 794 358 880 fruge
381 805 414 861 et
434 795 537 861 horno
559 795 641 876 sale3
676 806 714 861 ut
733 797 905 861 Horatius:
934 791 1054 856 Horae
1075 788 1192 877 fraga
1213 802 1270 857 etc

140 879 311 967 Obliquum
334 879 426 945 etiarn
461 881 595 957 cultrum
617 903 637 946 a
657 882 763 946 fronte
784 881 930 946 victimae
947 897 1052 963 usqne
1073 872 1116 939 ad
1138 874 1269 941 caudam

141 975 216 1030 ante
234 963 478 1031 immolationem
509 966 630 1032 ducere
661 979 900 1032 consueverant.
940 959 1036 1026 Unde
1056 972 1123 1026 estt
1176 959 1270 1025 Tana

137 1070 230 1135 pora
263 1048 365 1134 ferro
397 1073 531 1115 summa
560 1062 684 1116 notant
711 1051 890 1138 pecudum.
947 1047 1052 1137 Atque
1088 1055 1183 1110 erant
1215 1044 1270 1110 hat

100 1146 272 1222 loquoque
300 1135 520 1220 probationes,
551 1146 658 1202 utrum
679 1134 741 1200 deo
766 1135 947 1200 dedicatum
974 1127 1088 1195 animal
1115 1128 1269 1196 sacrificio

141 1230 254 1306 aptum
273 1229 376 1297 esset,
397 1218 424 1284 si
442 1219 587 1286 videlicet
607 1221 711 1286 omnia
732 1221 888 1310 patienter
908 1218 1023 1291 terret,
1053 1224 1106 1280 ut:

132 1367 135 1373 ,
225 1303 274 1369 Et
297 1314 454 1368 statuam
474 1316 558 1369 ante
589 1327 675 1379 aras
702 1316 833 1369 aurata
853 1303 978 1389 jroate
995 1299 1216 1387 'jraoeacumt

141 1383 176 1452 id
197 1397 247 1454 est
267 1408 347 1453 auro
369 1401 498 1470 ornata,
532 1390 614 1457 sicut
635 1404 869 1477 nonnumquam
889 1386 996 1452 fiebat.
1038 1383 1083 1448 Et
1103 1380 1199 1446 abbi:

226 1472 277 1536 Et
295 1471 420 1537 ductus
441 1497 548 1538 corato
567 1472 677 1539 stabit
698 1497 795 1538 sacer
824 1473 942 1536 bircae
969 1467 1018 1532 ad
1045 1489 1162 1531 aram.

101 1569 137 1620 tt
144 1555 299 1631 Quotiens
321 1557 405 1623 enirn
425 1558 550 1624 victima
570 1558 797 1638 reluctabatur,
816 1580 852 1624 aa
872 1551 1045 1643 improbari
1065 1548 1292 1637 ostendebam,

142 1650 180 1708 ut
190 1640 361 1708 Lucanus:
381 1642 555 1708 Discussa
563 1642 666 1730 fugit
677 1643 721 1708 ab
737 1665 802 1707 ara
813 1653 950 1706 taurus.
992 1638 1086 1704 Setae
1104 1635 1212 1714 edam,
1227 1635 1270 1711 de
1286 1640 1292 1651 '

143 1727 247 1812 capite
268 1725 392 1792 hostiae
412 1738 487 1795 ante
505 1728 749 1795 immolationem
769 1727 891 1803 vulsas,
921 1723 984 1791 a'ris
1005 1722 1107 1812 prima
1127 1720 1269 1786 libamina

140 1810 364 1897 imponebant3
396 1813 506 1901 sicque
516 1812 585 1901 jam
607 1813 731 1882 victima
760 1810 963 1879 immolationi
991 1806 1270 1897 praesignabatur3

142 1894 230 1961 unde
259 1909 324 1964 est:
379 1897 533 1984 Signata
561 1899 692 1985 capita.
749 1897 981 1967 sacrificabant
1008 1903 1135 1972 autem,
1177 1911 1278 1979 quum*

102 1981 296 2048 toanimales
319 1978 433 2047 darent
454 1981 592 2062 hostias,
615 1994 670 2051 aut
692 1980 734 2049 de
753 1982 887 2070 integris
911 1979 1057 2057 victimis,
1088 1989 1141 2045 ut:

227 2066 276 2130 Et
296 2065 409 2129 solida
429 2065 577 2153 imponit
611 2079 794 2133 taurorum
813 2069 947 2133 viscera
959 2063 1142 2154 flammis,

143 2147 177 2235 id
199 2161 249 2217 est
268 2150 500 2230 holocaustum,
522 2151 610 2239 quod
625 2150 667 2217 de
687 2154 796 2219 tractis
812 2153 892 2218 extis
909 2150 974 2215 aris
989 2144 1270 2297 superimzoneba

143 2245 206 2313 tur,
227 2257 313 2324 quae
327 2256 561 2324 nonnumquam
575 2235 680 2304 abluta
697 2249 731 2305 et
741 2237 820 2303 elixa
836 2238 932 2304 etiam
951 2235 1022 2322 ipsa
1037 2231 1140 2298 redde
1162 2243 1270 2327 auten

143 2319 229 2386 unde
257 2331 290 2387 et
303 2394 307 2405 ,
321 2319 438 2385 ibidem
477 2320 598 2389 dictum
626 2334 691 2389 est:
734 2322 899 2387 Fundana
929 2315 1135 2384 ardentibus
1162 2326 1271 2391 satiat

101 2416 200 2471 aanut
221 2402 262 2470 de
281 2417 373 2495 parte
393 2404 555 2494 corporis,
589 2417 645 2473 ut:
687 2406 849 2494 Extaque
876 2403 986 2468 salsos
1012 2401 1206 2491 projiciam
1234 2398 1269 2463 ia

61 2504 67 2511 ‘
132 2487 295 2577 fluctuet
329 2500 387 2559 aut
411 2488 454 2557 de
481 2490 639 2578 sanguine
666 2496 787 2558 tantum
816 2491 849 2557 in
871 2511 943 2556 aras
966 2487 1055 2566 fuso,
1086 2495 1142 2551 ut:
1182 2484 1269 2551 San·

124 2573 265 2658 guinis
285 2585 320 2638 et
340 2577 435 2638 sacri
449 2576 607 2661 pateras.
634 2575 747 2653 *Moris
774 2576 875 2642 etiam'
890 2570 1094 2657 sacerdotalis
1114 2574 1206 2647 elai,
1236 2576 1270 2633 nt

142 2655 331 2758 plerumque
358 2658 424 2724 aliis
444 2659 562 2762 cultros
583 2663 694 2763 subter
713 2662 912 2740 tenentibus,
940 2658 990 2724 abi
1011 2655 1152 2724 victimas
1175 2671 1270 2749 super

89 2753 439 2906 attttttftl’tt
456 2744 1048 2915 tiballi?‘ilbi-ibittnfft'
1070 2738 1269 2891 „ttttll

85 2942 88 2949 ν
142 2931 325 2991 sacrorum,
358 2911 390 2977 in
421 2916 535 2999 quibus
565 2914 637 2981 mali
666 2917 777 2983 ominis
805 2917 903 2982 verba
931 2914 1079 2979 vitabant.
1100 2908 1219 2975 -Hinc
1239 2916 1269 2971 et

137 3004 268 3077 macte,
305 2997 392 3085 quod
421 3000 524 3086 magis
552 3012 649 3069 aucte
669 3003 752 3090 signi
776 3012 845 3089 cat,
886 2999 1061 3064 dicebatur·
1112 2994 1268 3070 Quotlw·

140 3088 247 3146 autem
268 3096 325 3149 aut
344 3085 417 3150 thus
438 3083 634 3168 addebatur,
669 3099 726 3154 ant
754 3088 859 3152 vinum
885 3105 982 3173 super
1010 3078 1126 3148 animal
1153 3076 1268 3146 funde·

139 3161 252 3239 batur,
281 3165 462 3234 dicebatur:
506 3171 630 3236 Macta
650 3183 703 3237 eat
722 3172 837 3237 bootia
858 3171 938 3236 vino
958 3179 993 3234 et
1014 3167 1136 3243 thure,
1163 3163 1269 3232 idest
1306 3186 1308 3255 j

99 3261 135 3317 at
143 3247 303 3316 cumulata
323 3261 356 3318 et
376 3252 479 3340 magia
500 3264 603 3320 aucta.
646 3255 719 3331 Qua
749 3256 793 3321 de
814 3279 850 3321 re
879 3254 942 3320 boc
962 3251 1057 3321 traxit
1068 3255 1185 3339 *point
1257 3304 1261 3311 .
1306 3330 1308 3339 Ι

203 3336 345 3401 'Macte
363 3358 455 3424 puer
472 3337 605 3404 virtute
623 3362 729 3414 aava,
762 3341 812 3405 sic
834 3341 909 3404 itur
930 3339 980 3403 ad
1005 3347 1129 3414 astra3
1307 3386 1308 3401 r

138 3415 174 3483 id
205 3429 255 3486 est
275 3422 426 3488 affectata
448 3420 550 3508 gloria
576 3423 679 3522 magis
708 3423 854 3493 adaucte.
895 3425 941 3491 Et
968 3422 1057 3489 abbi:
1234 3499 1241 3512 ·
1305 3428 1308 3445 ¹

226 3505 345 3571 Macte
381 3506 494 3571 animi
502 3553 511 3584 ,
547 3517 660 3574 tantas
702 3511 835 3598 dignus
886 3509 924 3574 ai
961 3504 1112 3574 crederit
1144 3520 1267 3568 mmrr.

140 3583 296 3678 Reddere
316 3592 411 3658 etiam
443 3593 576 3659 verbum
605 3592 740 3681 legimus
760 3533 960 3662 sacerdotale
979 3593 1094 3669 fuisse,
1125 3597 1198 3654 nt:-

96 3689 135 3739 40
225 3673 403 3740 Lancibus
424 3687 459 3740 et
475 3677 605 3764 paradis
622 3680 802 3766 spirantia
823 3679 1000 3745 reddimus
1012 3688 1108 3742 eata.

108 3763 120 3795 '·
139 3754 250 3821 Reddi
260 3759 341 3823 enim
352 3759 540 3828 dicebantur
552 3773 635 3844 exta,
657 3786 739 3851 qnae
762 3766 897 3853 probata
911 3763 1037 3832 etelixa
1057 3781 1134 3827 arae
1149 3774 1266 3845 super·

135 3843 349 3989 Konebantur.
391 3846 574 3915 Gerebatur
592 3858 715 3929 autern,
738 3871 779 3915 ne
801 3872 876 3916 ovea
894 3845 1105 3914 immolandae
1126 3842 1265 3913 caudam

160 3927 292 3995 aberent
310 3928 515 4011 maculatam,
537 3955 599 3998 nec
616 3934 756 4020 linguam
777 3935 912 4022 nigram,
934 3956 994 4000 nec
1016 3954 1126 4000 auram
1146 3932 1264 3996 lissam.

136 4008 233 4076 Unde
265 4013 363 4080 lectas
395 4015 512 4104 ubique
538 4017 682 4084 bidentes
713 4021 743 4085 in
775 4022 873 4087 sacris
902 4019 1037 4108 legimus
1069 4016 1263 4169 appellatori
1296 4044 1300 4055 “

47 4130 51 4139 ·
92 4094 166 4160 scin
187 4119 280 4165 sacra
300 4099 383 4164 enim
404 4121 466 4164 non
498 4101 761 4184 admittebantur,
791 4107 849 4174 nisi
876 4104 990 4194 quibua
1021 4103 1084 4171 nihi
1124 4101 1262 4168 deesset

134 4181 191 4249 sic
210 4194 244 4254 et
268 4182 310 4250 de
332 4185 435 4252 bobus
455 4185 575 4288 dictum
596 4202 661 4259 eat:
706 4190 814 4258 Nunc
836 4212 948 4280 grege
979 4191 1022 4258 de
1043 4186 1260 4256 intacto‘etc
