2632 4658
390 154 634 285 nme
668 178 912 265 asama.
1167 182 1222 261 aa

196 364 298 443 201.·
346 363 527 443 Aeneas
560 378 607 444 et
639 318 1096 479 hethaetssfllurius.
1152 437 1155 448 .

143 498 271 565 Aeneas
286 492 363 565 dnm
403 518 440 565 er
450 495 570 565 inferos
583 508 747 587 pergeret,
766 497 907 587 respexit
920 496 1050 567 flurium
1060 494 1221 601 quendam

82 582 341 666 lociremotioris,
358 520 401 649 ad
412 604 507 672 quem
517 583 683 651 innumera
695 583 860 651 multitudo
872 581 1026 652 tendebat
1036 604 1220 651 ammarum.

82 670 298 756 Interrogavit
326 681 467 758 patrem,
495 668 566 758 quis
598 681 684 738 esset
712 666 841 751 flarius,
864 670 926 736 ¹rel
948 692 1012 759 qua
1031 670 1156 737 ratione
1177 668 1219 737 ad

82 778 155 821 eum
182 766 356 857 pergerent
384 755 517 823 animae.
565 752 666 823 Pater
696 754 756 824 ait:
787 754 951 823 hethaeus
976 766 1044 839 est;
1078 764 1243 843 pergunt⁶

82 853 190 908 autem
212 863 351 923 animae,
372 852 409 908 ut
430 852 540 930 potent
560 852 594 909 et
614 834 801 911 oblivionem
821 841 996 930 patiantur,
1017 852 1054 908 ut
1069 842 1220 931 incipiant

81 927 157 993 selle
188 948 342 993 remeare.
391 926 601 1017 stupefactus
627 924 974 1014 Aeneas'interrogat.
1018 926 1082 993 Dic
1117 938 1219 1016 pater,

80 1014 176 1080 etiam
206 1012 349 1094 animae,
378 1033 462 1102 quae
488 1023 621 1165 propter
645 1012 849 1101 praeteritam
877 1014 972 1079 ritarn
996 1022 1046 1080 tot
1066 1013 1219 1101 supplicia
1313 1064 1315 1071 .

79 1096 294 1184 pertulerunt,
324 1111 461 1186 possunt
511 1100 609 1165 abere
640 1106 749 1167 votum
782 1095 962 1167 revertendi
994 1096 1028 1165 in
1060 1120 1117 1163 cor
1140 1098 1219 1167 ora?
1305 1106 1308 1111 '

78 1184 154 1250 Non
177 1195 227 1251 est
246 1182 311 1249 veri
342 1182 460 1266 simile,
483 1182 637 1271 iberatur¹
660 1182 703 1269 de
731 1183 875 1273 corporis
903 1204 1053 1264 carcere,
1083 1206 1101 1250 a
1149 1184 1260 1275 ajusto

80 1292 198 1335 nexum
219 1269 343 1351 reverti.
387 1269 546 1369 suscepta
572 1268 842 1357 interrogatione,
871 1269 955 1337 baec
980 1267 1134 1337 Anchises
1164 1292 1219 1337 ex-

77 1378 112 1420 se
136 1355 239 1421 uitur:
267 1353 383 1442 primo
402 1351 510 1440 flere,
540 1364 583 1419 ut
601 1354 768 1435 redeant,
800 1354 926 1421 deinde
975 1376 1064 1435 osse,
1093 1355 1220 1420 deinde

76 1378 178 1505 veile.
218 1439 313 1515 Quae
331 1439 483 1529 quoniam
505 1440 754 1523 obscurajsunt,
786 1439 854 1507 aliis
883 1376 1147 1508 subdivisionibus
1171 1440 1219 1506 in-

77 1537 258 1593 notescunt
301 1523 389 1611 Quid
412 1537 462 1595 est
477 1523 641 1591 debarai·
656 1524 784 1594 Cuncta
806 1524 958 1593 'animalia
985 1526 1099 1593 aDeo
1120 1524 1219 1615 origi-

77 1632 151 1676 nem
173 1609 303 1679 ducunt.
346 1610 439 1686 Quae
466 1611 541 1700 quia
561 1608 658 1677 n'asci'
671 1611 847 1695 cernimus,
877 1621 1080 1679 revertuntur
1106 1610 1261 1701 proculab

78 1694 195 1778 dubio,
224 1693 311 1762 unde
339 1706 455 1783 cuncta
482 1690 872 1785 procreantur.'·Deinde
896 1718 995 1786 posse
1016 1697 1064 1764 sic
1082 1699 1216 1786 probat:

101 1783 153 1847 uia
173 1778 367 1849 immortales
388 1793 462 1853 sunt
488 1782 643 1865 animae,
658 1793 691 1869 et
718 1794 903 1871 suntquis
930 1795 1065 1870 possunt
1089 1784 1218 1871 reuerti.

77 1804 226 1936 hortium
247 1880 313 1949 est,
332 1878 442 1935 utrum
468 1867 614 1955 velintg.
631 1866 724 2018 'quod
752 1867 829 1937 dicit
858 1866 927 1934 fieri
962 1870 1014 1935 ''er
1036 1868 1216 1937 Lethaeum

77 1954 217 2043 Ansium·
233 1951 400 2021 ΙΕΗιοο
421 1961 500 2031 est,
521 1949 636 2039 quod*
675 1965 784 2022 cturus
819 1961 876 2019 est.
962 1953 1005 2045 ed
1038 1952 1216 2022 incidentes
1255 2022 1262 2043 ‚

77 2039 281 2126 quaestiones
304 2038 426 2105 faciunt
446 2037 682 2105 obscuritatem.
701 2038 821 2106 ''Sane'
843 2036 898 2104 de'
912 2036 1094 2108 hooflurto
1138 2055 1261 2108 uae-'att

76 2127 158 2190 ritur
179 2149 200 2192 a
220 2121 498 2217 prudentioribus,
510 2123 768 2215 utrumdeillis
790 2145 907 2201 novem¹
924 2124 975 2203 sit.
996 2127 1054 2219 ¹qui
1074 2063 1218 2194 andiunt

71 2209 255 2299 infernum,
286 2226 332 2276 an
358 2220 488 2299 praeter
512 2230 655 2299 norem.¹
684 2208 731 2279 Fit
756 2208 852 2278 datur
879 2208 1032 2299 intelligi,
1060 2212 1148 2299 quod
1176 2214 1218 2279 ab
1252 2274 1254 2279 .

77 2295 135 2361 illis
157 2319 271 2364 norem
293 2318 328 2367 se
353 2307 459 2363 aratus
475 2292 530 2362 -sit
557 2292 710 2383 Namque
732 2295 838 2365 volunt
858 2296 930 2371 eum
953 2319 1025 2367 esse
1044 2299 1218 2385 imaginem

77 2383 262 2451 senectutis.
337 2404 388 2448 am
412 2380 536 2449 animae
563 2394 692 2457 mattae
719 2381 831 2469 vigent
856 2384 890 2449 et
915 2378 1042 2451 alacres·
1059 2394 1151 2466 sunt,
1184 2392 1218 2453 et

77 2466 194 2556 plenae
220 2467 374 2535 memor-ia
403 2490 424 2533 a
450 2462 586 2569 pueritia
617 2488 655 2534 us
677 2489 719 2557 uc
753 2466 797 2534 ad
825 2478 997 2535 senectam.
1039 2469 1160 2536 Postea
1183 2468 1258 2533 inas

76 2553 174 2619 nimia
193 2563 360 2625 senectute
381 2575 482 2619 omnis
504 2552 657 2619 memoria
727 2551 808 2634 itur;
838 2574 903 2641 qua
923 2550 1032 2641 lapsa,
1061 2576 1147 2620 mors
1166 2552 1215 2620 in-

77 2636 231 2721 tervenit,
263 2649 297 2708 et
323 2637 447 2705 animae
473 2639 505 2703 in
531 2636 618 2713 ahud
644 2660 765 2729 corpus
785 2648 996 2705 revertuntur.
1038 2638 1136 2706 Unde
1156 2640 1216 2707 fin-

149 2736 162 2792 t
181 2722 461 2815 poetaeanimas,
480 2722 628 2791 Lethaeo
641 2722 768 2805 hausto,
791 2723 823 2791 in
846 2744 963 2813 corpus
976 2722 1091 2793 redire.
1121 2724 1217 2814 Ergo

109 2810 243 2878 ethaeus
281 2818 332 2877 est
360 2809 493 2888 oblivio,
533 2811 628 2877 morti
655 2831 784 2899 semper
821 2809 931 2877 vicina.
971 2810 1012 2897 Si
1041 2811 1145 2879 anima
1167 2821 1217 2880 est

77 2907 228 2977 aeterna,
256 2908 289 2964 et
308 2897 422 2963 summi
442 2888 577 2984 spiritus
590 2917 684 2985 pars,
714 2918 778 2983 qua
798 2896 922 2965 ratione
938 2893 1131 2998 incorpore
1151 2915 1259 2965 nonae

75 2992 181 3049 totum
200 2979 309 3048 videti
327 3001 389 3048 nec
410 2992 460 3049 est
481 2992 589 3048 tantae
610 2979 815 3069 prudentiae,
837 2992 1009 3068 tantaeque
1030 2983 1216 3065 ntraeitatis,

75 3079 114 3135 ut
144 3067 250 3133 omnia
276 3067 378 3157 possit
407 3067 610 3155 agnoscere?
653 3066 755 3133 Immo
788 3067 863 3155 quia
897 3066 1004 3154 coepit
1032 3067 1066 3133 in
1097 3091 1220 3157 corpus.

76 3152 294 3233 descendere,
318 3163 409 3239 potat
429 3151 591 3219 stultitiam
613 3161 646 3219 et
666 3150 863 3220 oblivionem.
904 3150 1002 3219 Unde
1024 3175 1087 3220 non
1107 3164 1217 3243 potest

74 3237 208 3327 implere
228 3237 289 3307 vim
310 3238 444 3325 numinis
466 3237 515 3305 sui
549 3250 622 3326 post
644 3248 779 3305 naturae
799 3260 878 3306 suae
895 3236 1093 3308 obbrionem.

313 3472 316 3480 .
384 3411 489 3501 202„
547 3413 671 3513 Fuga
694 3406 898 3487 Aeneae.
1220 3446 1257 3496 35

161 3543 301 3621 Aeneas,
331 3536 478 3609 Veneris
493 3550 526 3609 et
546 3539 704 3606 Anchisae
724 3536 824 3616 lilius,
853 3537 886 3601 in
908 3535 1072 3606 eversione
1092 3539 1214 3629 'Projae

75 3626 158 3693 deos'
187 3637 337 3716 penates,
373 3639 406 3695 et
432 3635 575 3716 patrem,
614 3635 648 3692 et
676 3620 775 3688 filium
800 3621 970 3689 Ascanium
998 3645 1038 3690 ex
1064 3625 1212 3694 incendio

74 3712 210 3800 eripuit,
239 3723 274 3780 et
301 3735 374 3779 cnm
402 3712 458 3779 his·
481 3713 514 3776 in
536 3710 629 3793 Idam
651 3718 791 3774 montem
811 3708 912 3791 renit;
944 3706 1052 3796 ibique
1073 3711 1136 3779 XX
1156 3722 1212 3781 n'a-
1246 3776 1248 3782 .
1295 3724 1315 3735 ’·

73 3800 165 3864 vibus
193 3798 373 3880 fabricatis,
406 3797 566 3886 responsis
598 3793 730 3860 deorum
751 3793 906 3875 monitus,
937 3815 1027 3860 mare
1047 3796 1212 3887 ingressus

73 3897 142 3965 est,
175 3895 209 3951 et
228 3881 272 3950 ad
291 3885 465 3951 Thraciam
487 3883 587 3958 venit,
615 3880 722 3967 ibique
750 3877 892 3947 condidit
913 3879 1087 3960 civitatem,
1116 3908 1255 3972 quamao

70 3978 198 4051 Aeneas
219 3969 303 4035 idem
327 3968 369 4035 de
389 3993 448 4036 suo
470 3968 596 4034 nomine
616 3966 746 4032 vocavit.
788 3965 870 4033 Inde
898 3966 1045 4053 auspiciis
1067 3969 1212 4037 Deorum

74 4056 302 4135 commonitus,
333 4048 375 4120 a'd
396 4054 512 4121 Delum
533 4051 665 4120 insulam
687 4051 866 4138 navigarit3
896 4053 1003 4139 ibique
1024 4074 1080 4118 rex
1102 4058 1211 4136 Anius,

71 4140 159 4206 idem
193 4155 226 4206 et
257 4140 410 4208 sacerdos
439 4140 605 4228 Apollinis,
645 4149 723 4204 erat.
785 4137 911 4204 Exhinc
947 4137 1112 4225 profectus
1152 4165 1211 4228 per

72 4227 234 4314 Cycladas
263 4228 396 4305 insulas,
431 4229 515 4295 venit
545 4226 586 4294 ad
609 4226 739 4293 Cretam
761 4223 910 4306 insulam,
941 4224 973 4287 in
995 4245 1058 4311 qua
1082 4225 1209 4311 Perga-
