2632 4658
139 137 236 264 ror
415 134 698 290 aquosam.
752 185 819 259 a..
847 162 999 303 afa:

223 374 258 437 8.
296 370 401 437 Porro
428 371 586 439 Helenam
618 370 673 457 (ut
702 368 866 436 consilium
888 378 983 437 'certe
1008 365 1075 434 veri
1096 363 1275 433 nonirelin-

141 480 275 546 quamus
296 457 493 558 inquirendi)
512 456 722 524 immortalem
745 456 842 521 luisse
862 454 984 521 indicat
1003 468 1139 541 tempus.
1190 452 1276 517 Nam

142 555 284 621 constat,
317 567 384 659 equs
417 543 529 610 fratres
557 565 630 608 cunr
651 541 845 631 Argonautis
864 540 974 606 luisse.
1018 542 1276 626 Argonautarum

143 632 196 694 filii
224 632 303 693 'cum
340 628 499 695 l'heb'anis
528 625 765 693 dimicaverunt.
815 626 895 693 Item
929 626 1050 690 illorum
1079 625 1134 689 lilii
1161 637 1277 691 contra

106 715 305 802 ¹⁶¹1¹rojanos
338 711 420 778 bella
449 723 630 801 gesserunt.
672 710 825 799 Ergosi
853 711 1034 777 immortalis
1062 709 1191 775 Helena
1213 730 1276 775 uon

143 801 271 873 linisset,
302 809 351 865 tot
377 799 446 864 sine
471 797 568 865 dubio
590 797 725 863 saeculis
747 796 865 861 durare
886 818 949 861 non
970 795 1137 883 potuisset.
1179 796 1276 860 Hanc

142 899 249 952 antem
268 883 404 970 legimus
426 885 513 970 prius
529 908 552 961 ,a
573 884 704 950 Theseo
725 892 866 969 raptam,
898 891 932 947 et
959 881 991 946 in
1013 885 1162 969 Aegypto
1187 904 1274 945 com-

142 971 322 1037 mendatam
344 970 477 1036 Proteo.
518 971 593 1044 Qua
608 968 738 1036 ¹ratione
758 963 886 1052 quidam
906 966 1037 1042 inducti,
1056 974 1119 1031 nori
1142 968 1186 1053 qb
1206 967 1273 1055 ejus

52 1064 55 1071 ’
143 1070 286 1144 raptum,
321 1054 379 1120 sed
399 1053 465 1120 aliis
486 1052 739 1142 quibusdamde
761 1053 865 1119 causis
887 1052 972 1139 apud
995 1052 1127 1140 'Projam
1149 1066 1274 1139 pugua-

101 1149 138 1198 1⁰
146 1158 210 1209 tum
233 1142 360 1217 dicunt,
381 1142 494 1226 quibus
515 1154 622 1207 tamen
637 1139 764 1205 Senius
779 1159 851 1203 nou
871 1138 1054 1220 consentit*
1068 1138 1177 1211 Quum
1193 1140 1274 1203 enim

136 1230 229 1319 juxta
251 1249 324 1291 eum
344 1226 520 1301 Hercules,
549 1225 607 1290 Ilio
634 1234 819 1312 expugnato
849 1223 1020 1312 occisoque
1039 1222 1272 1302 Laomedonte,

143 1338 182 1378 eo
207 1311 294 1400 quod
315 1333 387 1376 eum
411 1322 483 1399 post
511 1311 657 1376 amissum
680 1309 786 1398 Hylan
805 1318 811 1325 '
829 1320 1075 1397 eragratamqne
1095 1309 1234 1397 Mysiam
1253 1330 1271 1373 a

142 1412 236 1486 portu
256 1408 397 1473 arceret,
422 1396 517 1462 tiliam
538 1393 783 1461 Laomedontis·
825 1394 966 1477 esionam
985 1394 1164 1474 Telamoni,
1188 1392 1271 1481 qnod

142 1490 168 1548 is
190 1486 309 1569 primus
331 1503 456 1546 murum
476 1478 635 1560 ascendit,
656 1479 799 1547 dedisset
815 1481 906 1566 (narn
929 1478 971 1544 de
990 1479 1141 1559 liberata,
1163 1479 1270 1567 inquit·

102 1581 136 1629 15
146 1571 286 1633 Hesiona
310 1566 483 1633 l'abulosum
500 1561 693 1651 figmentum
717 1565 804 1648 est),
834 1566 1031 1653 profectique
1051 1586 1125 1631 cum
1142 1563 1270 1631 Priamo

141 1654 257 1739 legati,
290 1674 384 1737 quem
416 1665 449 1740 et
478 1652 580 1739 ipsum
612 1655 661 1716 ab·
682 1650 825 1715 Heronio
852 1663 998 1738 captum,
1035 1650 1095 1716 sed
1125 1650 1268 1735 aricinis

140 1738 329 1815 redemtum,
347 1738 456 1823 sicque
477 1740 518 1803 ab
541 1759 581 1801 eo
604 1758 708 1823 regno
726 1737 904 1802 restitutum
926 1736 1033 1809 refert.
1056 1758 1128 1800 cam
1144 1736 1268 1801 minime

141 1828 282 1910 reperire
305 1823 496 1908 potuissent,
526 1822 583 1888 illis
605 1822 641 1889 se
662 1843 733 1886 eam
749 1821 826 1910 jure
847 1822 998 1887 bellorum
1019 1821 1140 1887 babere
1166 1820 1269 1887 diceu-

141 1912 244 1989 tibus‚
267 1922 443 1973 commotus
457 1909 603 1974 Priamus
623 1910 654 1972 in
676 1907 846 1973 Graeciam
865 1907 1015 1973 Paridem
1037 1906 1268 1973 oum-exercitu

99 1996 241 2073 nomint,
277 1994 329 2082 qui
361 1993 436 2058 inde
470 1993 586 2081 aliquid
619 1993 682 2061 tale
711 1993 902 2072 abduceret,
934 1992 1021 2079 regis
1053 1991 1201 2059 videlicet
1227 1989 1268 2055 rel

142 2102 274 2146 uxorem
306 2080 353 2145 vel
382 2079 485 2143 liliam.
529 2079 621 2145 Paris
650 2078 911 2165 igiturprimum
935 2078 1073 2164 hospitio
1093 2088 1268 2165 susceptus,

142 2165 330 2231 adulterium
364 2163 528 2229 commisit.
578 2164 831 2251 Deinde-quum
862 2186 934 2229 euru
964 2163 1088 2229 Helena
1110 2162 1268 2229 sollicitata

140 2252 232 2338 sequi
265 2248 432 2328 noluisset,
450 2270 615 2335 egressus
647 2249 807 2317 civitatem
835 2251 974 2336 Spartae
1003 2247 1138 2316 obsedit.
1203 2249 1268 2323 Qus

143 2359 263 2409 eversa,
285 2333 444 2399 Helenam
465 2334 578 2422 rapuit.
616 2333 714 2401 Unde
733 2335 836 2402 et-illa
857 2328 956 2422 recipi
975 2336 1088 2400 meruit
1109 2357 1129 2398 a
1152 2335 1267 2399 marito.

99 2422 318 2507 ussteigan
341 2418 475 2497 foedus,
502 2418 591 2507 quod
616 2430 711 2489 antea
730 2421 819 2487 inter
839 2423 985 2504 Graecos
1011 2433 1042 2486 et
1067 2420 1175 2487 'Proca
1198 2430 1288 2483 con-'

142 2510 283 2574 stitutum
303 2518 337 2571 et
358 2504 411 2575 diu
433 2516 560 2573 constat
581 2528 654 2573 esse
674 2517 852 2585 servatum,
874 2504 1004 2573 tandem
1025 2517 1165 2592 ruptum,
1189 2515 1221 2570 et
1239 2504 1269 2568 in

144 2593 223 2657 bella
245 2603 371 2657 ventum
391 2603 450 2658 est.
470 2612 473 2617 ·
491 2591 589 2659 Juxta
616 2586 758 2659 altiorem
786 2591 924 2679 denique
946 2590 1110 2657 scientiam
1132 2589 1182 2655 rel
1207 2589 1269 2676 opi·

142 2679 268 2742 aionem
297 2675 388 2743 stella
414 2675 559 2741 Helenae
587 2675 739 2766 deputata
760 2679 871 2743 nociva
892 2687 1182 2764 tempestatumque
1203 2696 1270 2760 pro-

144 2763 280 2838 creatrix
309 2772 376 2839 est,
406 2761 539 2828 fratrum
567 2785 642 2828 vero
672 2763 835 2849 propitiae.
877 2762 972 2828 Unde
1000 2760 1126 2828 Helena
1148 2782 1213 2828 non
1228 2760 1270 2825 in-

95 2844 291 2933 '30c'ongrue
312 2869 410 2911 causa
430 2846 527 2913 baisse
549 2847 622 2913 mali
643 2848 775 2913 videtur.
816 2846 897 2912 Inde
919 2843 998 2915 batt.

315 2992 319 2997 .
581 2956 687 3019 quum
699 2932 786 3020 -jam
812 2934 982 2998 damnata
1011 2934 1141 2999 sororis

204 3017 294 3102 Igne
320 3014 585 3103 diremptam-am
605 3015 780 3104 fugeruut
801 3015 947 3081 carbaso
961 3016 1112 3102 fratres.

227 3104 260 3165 9.
302 3101 347 3166 Ut
367 3112 473 3167 autem
492 3101 534 3167 ad
555 3101 667 3167 Jovem
683 3112 888 3177 revertamur,
911 3126 983 3169 eum
1005 3104 1185 3194 philosophi
1206 3101 1271 3191 qui-

145 3186 219 3252 dam
247 3186 281 3249 in
310 3187 448 3270 liguram
479 3186 570 3271 hujus
598 3187 705 3252 mundi
733 3188 908 3274 accipiunt;
930 3187 1016 3253 uude
1038 3201 1071 3256 et
1090 3190 1209 3270 Jovis,
1240 3196 1272 3252 ut

104 3274 253 3360 aoajunt,
281 3269 314 3334 id
342 3283 392 3338 est
419 3270 629 3335 universalis
662 3272 714 3335 vis
748 3272 851 3339 dictus
880 3285 937 3339 est.
979 3274 1023 3340 Et
1052 3273 1128 3340 binc'
1155 3272 1272 3359 mundp

146 3357 366 3424 aeternitatem
386 3356 580 3433 attribuunt,
610 3377 672 3419 non
694 3355 781 3444 quod
802 3364 928 3444 semper
949 3358 1035 3425 idem
1054 3382 1126 3427 sese
1149 3354 1273 3438 habear,

146 3440 234 3531 quod
249 3452 298 3508 est
318 3464 392 3506 vere
411 3441 592 3516 aeternitas
611 3440 668 3506 sed
689 3441 782 3528 quod
796 3466 922 3529 semper
942 3443 1088 3510 durando
1111 3457 1145 3513 et
1163 3466 1273 3512 cursus

148 3552 223 3594 suos
239 3527 500 3612 redintegrando,
520 3525 563 3592 ad
581 3525 737 3612 quandam
751 3550 788 3593 se
808 3529 1000 3597 aeternitatis
1019 3530 1189 3597 formulam
1202 3552 1273 3596 con-

149 3616 308 3698 stringere
333 3613 485 3678 videatur.
539 3612 750 3699 Frequentius
780 3624 886 3681 tamen
916 3615 1030 3681 lovem
1058 3639 1117 3704 pro
1145 3618 1274 3683 aethere

105 3700 329 3799 toaccipimus.
372 3696 469 3762 Unde
490 3697 852 3785 etiamtriumphautes,
884 3702 937 3787 qni
966 3700 1055 3766 Jovis
1084 3701 1208 3770 habent
1230 3702 1274 3767 in-

148 3786 270 3870 sigma,
298 3793 458 3869 sceptrum
475 3782 619 3850 videlicet
641 3796 673 3850 et
694 3785 862 3872 palmatam
889 3784 994 3871 (unde
1013 3787 1196 3854 luvenalis:
1232 3786 1274 3851 lrr

149 3869 271 3933 tunica
292 3867 387 3931 Jovis
409 3868 506 3951 etc.)·‚
531 3868 795 3958 faciemquoque
817 3872 858 3937 de
881 3872 1006 3938 rubrica
1026 3871 1160 3940 illiniunt
1179 3873 1275 3938 instar

149 3954 263 4019 coloris
282 3951 431 4018 aetherei.
473 3954 538 4019 Hic
559 3966 591 4021 et
611 3958 743 4021 Ammon
764 3957 795 4021 in
815 3958 936 4044 Libya,
962 3957 996 4021 id
1018 3969 1067 4025 est
1088 3958 1275 4023 arenarius

149 4043 190 4119 ab
214 4040 316 4104 arenis
337 4037 465 4126 Libycis
488 4054 628 4109 vocatur.
657 4040 745 4107 Nam
774 4040 899 4130 ἅμμος·
917 4044 1044 4109 Graece
1064 4065 1179 4107 arena
1200 4037 1275 4106 dici-

65 4149 67 4153 ·
107 4139 210 4195 tatur.
261 4122 327 4190 Ubi
356 4133 389 4188 et
417 4123 485 4210 ejus
514 4125 713 4191 simulacrum
741 4150 812 4193 cum
842 4128 945 4214 capite
974 4128 1137 4194 orientius.
1159 4128 1276 4195 lactum

151 4222 217 4291 est,
245 4231 285 4275 eo
316 4208 402 4295 quod
427 4210 503 4280 satis
524 4211 661 4297 involuta
679 4211 797 4282 ibidem
818 4212 1111 4302 ‹lanturresponso
1155 4213 1226 4281 Sed
1246 4219 1276 4277 et

1301 2532 1308 2563 l
