2632 4658
313 152 317 159 κ
367 120 553 221 mpnop.
580 122 651 193 nr.
707 117 867 203 631.
1072 124 1191 201 *ras
1270 226 1272 235 Ι

54 302 169 369 Salva
199 298 253 369 r'es
285 314 339 375 est
361 304 517 371 saltante
530 325 627 371 oeae.
676 303 745 373 Sed
765 328 826 373 neo
849 304 969 374 differri
989 330 1081 377 sacra
1102 309 1191 377 auni-

54 388 196 455 rcrsaria
222 390 355 472 licebat,
387 391 461 479 quia
491 411 552 455 uec
583 389 691 457 iterari
719 413 759 457 ex
785 391 860 479 lege
885 405 1043 481 poterant.
1094 394 1194 463 Unde
1284 394 1288 404 '

52 473 141 539 idern
162 474 200 539 in
217 474 349 543 eodem:
393 475 539 553 Anaua,
569 497 657 561 quae
681 473 826 562 differre
842 477 953 566 nesae.
993 480 1078 546 Nam
1099 503 1200 547 sacra·

55 557 238 626 calendaria
263 562 290 628 si
317 583 381 647 qua
403 560 537 627 fuissent
557 559 681 639 ratione
703 562 818 641 dilata,
850 561 981 631 licenter
1002 568 1191 652 repeteban-

55 657 124 722 tur,
173 668 235 712 nec
282 645 440 735 piaculum
483 666 595 710 eorum
648 646 877 715 intermissione
928 650 1216 728 committebantur

56 731 163 795 Porro
198 732 231 796 iu
263 732 388 800 rabone
416 751 581 796 sacrorum
611 753 672 816 par
698 742 750 800 est
779 741 812 798 et
845 733 969 800 animae
997 747 1029 801 et
1050 737 1193 824 corporis
1228 738 1229 743 ’

56 836 166 880 eausa.
209 817 294 882 Nam
326 818 514 906 plerumque
543 837 629 903 quae
662 817 747 885 circu
770 817 905 883 unimam
931 821 999 885 fieri
1020 831 1193 908 nequeunt,
1253 851 1257 859 ¹

57 902 145 965 circa
166 922 284 989 corpus
315 903 519 981 exhibentur,
563 910 598 965 ut
624 900 747 969 solvere
773 902 822 967 rol
849 903 970 990 ligere3
1008 927 1073 1008 quo
1093 907 1195 994 possit

56 987 181 1067 anima,
202 986 290 1075 quod
311 1010 371 1077 pcr
392 1008 428 1054 se
448 1007 512 1052 non
530 995 647 1072 potest,
666 1010 707 1053 ex
732 988 1072 1076 cognationesentrre.
1114 991 1195 1057 lude

58 1083 125 1137 osi:
495 1091 497 1096 '
1199 1095 1237 1144 1⁰

112 1155 115 1160 ’
153 1152 270 1219 Unam
290 1163 398 1219 exuta
424 1152 547 1240 pedem
572 1153 718 1236 vinclis,
756 1155 794 1221 ia
827 1168 921 1223 ceste
948 1156 1126 1221 recincta·
1185 1150 1190 1158 ’

58 1238 96 1304 Iu
111 1239 269 1306 sacrificio
283 1239 364 1305 euim
387 1236 503 1326 aliquid
522 1237 692 1325 religatum
714 1264 786 1308 esse
799 1242 889 1309 nasas
911 1253 988 1309 erat
1031 1242 1088 1308 Sic
1099 1241 1196 1308 Hele-

60 1347 122 1390 uus
150 1325 237 1412 apud
274 1324 439 1411 Virgilium
482 1324 707 1391 vaticinaturus
749 1326 872 1394 vincula
904 1329 1047 1413 corporis
1078 1337 1194 1399 cuncta

59 1409 206 1488 resolvit,
240 1432 280 1475 ue
316 1432 379 1498 qua
407 1420 500 1497 parte
530 1409 635 1476 animo
668 1411 802 1499 religato
832 1411 874 1478 ad
903 1434 1018 1478 numen
1051 1413 1196 1479 accedat.

59 1497 139 1560 Hoc
160 1506 267 1565 autem
288 1496 320 1562 in
350 1496 427 1598 ipsis
457 1503 582 1561 tautum
605 1497 703 1563 sacris
728 1510 887 1565 servatum
913 1509 970 1564 est.
1015 1497 1099 1567 Nam
1120 1508 1238 1565 antero

60 1579 221 1647 suorfficia
240 1580 334 1670 ligari
354 1580 481 1647 licuisse
502 1578 643 1647 victimas
664 1581 827 1649 luvenalis
854 1583 1004 1664 ostendit,
1028 1582 1161 1651 diceuss
1182 1632 1187 1650 .-

150 1690 234 1773 Sed‘
244 1694 370 1778 procul
388 1706 570 1760 extensum
585 1692 753 1779 petulans
781 1693 898 1780 quatit
924 1695 1039 1758 boetia
1065 1695 1197 1780 facem.
1303 1766 1307 1776 ¹

62 1772 239 1842 Sciendum
260 1778 384 1856 ettam,
402 1780 437 1845 in
458 1778 557 1846 sacris
579 1775 725 1842 simulata
745 1779 908 1878 proseria
939 1778 1056 1844 baberi.
1103 1779 1197 1844 Unde
1236 1848 1239 1854 ,

61 1859 225 1948 quamde
252 1863 455 1945 animalibus,
488 1884 572 1951 quae
594 1859 724 1926 difficile
744 1863 960 1941 inveniuntur,
995 1877 1045 1930 est
1068 1865 1196 1944 sacriti-

61 1947 220 2097 paprium,
253 1947 296 2014 de
321 1971 406 2038 pune
434 1948 485 2017 rel'
506 1969 582 2014 cera
607 1947 704 2025 fiunt,
724 1957 774 2043 ¹et
806 1970 864 2034 pro
886 1949 967 2015 reris
988 1950 1240 2037 accipiuntur.20

81 2054 143 2097 ne
171 2043 237 2098 est:
985 2096 988 2102 ,
1240 2062 1243 2075 ·

150 2118 339 2205 Sparserat
359 2123 394 2182 et
415 2115 539 2183 latices
572 2109 757 2182 simulatos
784 2111 895 2196 soatio
925 2115 1070 2180 Averni.
1120 2114 1130 2141 '¹

64 2201 150 2268 Nam
168 2214 201 2269 ct
222 2202 254 2265 iu
277 2203 395 2291 templo
416 2201 508 2269 Isidis
530 2215 613 2291 aqua
635 2221 746 2289 sparsa
766 2197 809 2263 dc
830 2200 903 2263 Nilo
929 2223 1000 2265 esse
1020 2199 1196 2268 dicebatur.

150 2312 203 2379 31.
247 2313 341 2400 Atqui
357 2314 389 2379 in
401 2314 512 2380 ritibus
528 2335 693 2380 sacrorum
713 2311 812 2378 multa
834 2311 1012 2377 habebatur
1034 2309 1199 2393 diversitas

63 2410 98 2485 et
126 2398 207 2465 mire
236 2398 455 2486 superstitiosa
497 2399 671 2491 curiositas.
737 2397 807 2463 Diis
840 2397 949 2462 inieris
982 2397 1197 2465 sacrificantes
1205 2414 1241 2472 25

63 2508 149 2573 equa
170 2486 444 2571 aspergebantur,
473 2494 525 2550 ut:
646 2490 677 2577 Α,
738 2494 742 2499 ’
846 2493 849 2500 “
1120 2552 1125 2567 ‚

60 2622 63 2627 .
150 2568 331 2655 Spargeas
357 2591 434 2634 rore
457 2569 527 2635 levi
547 2575 581 2632 et
603 2576 701 2628 ramo
726 2558 844 2647 felicis
865 2564 977 2629 olivae
1022 2600 1065 2612 -

63 2655 189 2756 superis
220 2652 441 2737 abluebantur,
462 2652 527 2720 uti:
572 2648 692 2716 Donec
711 2668 766 2714 mo
777 2648 932 2743 flamine
951 2649 1029 2717 viro
1049 2647 1199 2733 abluero.

63 2736 136 2806 Dira
157 2740 281 2826 superis
302 2748 428 2807 tantum
448 2737 604 2810 libabant,
641 2744 692 2801 ut:
729 2816 731 2821 ⁴

80 2890 87 2907 ·
116 2894 119 2899 ·
151 2851 265 2918 Aulai
285 2852 323 2917 in
345 2837 458 2916 medio
478 2846 637 2913 libabant
656 2839 783 2933 pocula
804 2835 953 2909 Bocota
1206 2864 1243 2912 aa

64 2937 182 3004 inieris
196 2959 271 3005 vcro
284 2938 417 3005 libantes
442 2934 536 3002 etiam
554 2954 629 2996 rasa
649 2933 679 2996 in
701 2932 810 3017 ignem
831 2929 1007 3003 mittebant,
1030 2936 1084 2991 utt'
1107 2921 1201 2988 Fuso

64 3034 219 3093 crateres
239 3024 348 3092 olivo:
390 3018 456 3085 uod
478 3031 511 3084 et
531 3017 653 3084 Statius
675 3017 705 3079 in
730 3013 913 3081 Archemori
931 3008 1092 3100 sepulture
1114 3031 1202 3073 com-

65 3117 234 3175 memorat
278 3108 316 3173 In
337 3044 512 3172 inierorum
542 3101 744 3181 ueneratione
777 3118 944 3200 pumcrum
965 3116 1102 3183 parens,
1147 3092 1203 3178 qui

111 3192 253 3260 steriuris
283 3192 375 3282 juxta
395 3184 612 3259 arithmeticos
639 3185 803 3273 dignitatrs
832 3193 901 3263 est,
935 3182 1128 3257 servabant,
1151 3188 1200 3243 rit}
1236 3194 1241 3201 “

65 3216 156 3345 Pace
191 3277 283 3349 duaa
314 3275 404 3353 tibi,
440 3272 608 3361 Daphni3
649 3272 681 3337 in
715 3293 753 3337 su
777 3291 906 3334 erorum
946 3267 1120 3354 imparemf
1148 3273 1242 3340 ut235
1303 3303 1305 3307 -

66 3361 227 3427 Numero
259 3363 343 3427 cleas
376 3360 510 3446 impare
540 3355 686 3444 gaudet.
745 3293 813 3418 ἕθά
847 3363 879 3418 θῖ
909 3348 968 3416 diis
1011 3348 1080 3450 aliis
1115 3347 1202 3447 sueto
1269 3420 1273 3431 Δ

64 3445 263 3527 scrobiculo,
285 3445 352 3512 aliis
376 3466 414 3510 su
493 3454 624 3519 terram,
641 3438 829 3505 caelestibus
851 3457 926 3502 reru
946 3444 1101 3518 extructio
1121 3432 1203 3498 socrs
1293 3494 1295 3499 .

66 3530 306 3612 sacrificabautt
358 3552 400 3597 un
424 3552 445 3594 e
488 3539 522 3595 et
564 3525 675 3592 altaria
721 3517 853 3611 proprie
883 3520 1063 3622 'nominate
1090 3609 1091 3613 Ἰ
1118 3528 1203 3583 sunt.-

66 3616 152 3684 Suut
174 3631 282 3685 tamen
302 3633 490 3704 superorum
511 3622 545 3679 et
565 3632 647 3683 arae
670 3620 703 3675 et
724 3607 853 3687 altaria;
884 3604 1058 3669 ruiererum
1079 3612 1203 3707 tantum

67 3723 155 3768 arae.
195 3703 296 3769 Dicta
315 3712 365 3769 est
400 3711 508 3768 auteur
532 3717 597 3762 ara·
613 3718 634 3761 a
661 3693 828 3782 precibus,
864 3712 951 3778 quas¹
973 3690 1092 3755 Gracci
1119 3713 1245 3784 opacas

66 3799 194 3855 vomat
235 3789 273 3855 ln
291 3787 390 3854 sacris
410 3788 504 3853 etiam
523 3779 667 3871 supernis
680 3779 750 3847 rina
768 3775 966 3855 fundebant,
982 3785 1039 3852 ute
1078 3772 1202 3867 Media

65 3873 163 3938 iuter
180 3895 311 3939 cornua
325 3872 475 3960 suadit3
495 3871 528 3935 in
543 3863 892 3949 infensiuvergebam,
912 3871 967 3927 utt
1005 3858 1200 3959 Eroutrqae

67 3955 226 4045 invergit
234 3957 330 4023 vina
355 3955 523 4023 sacerdos.
567 3954 630 4021 Est
654 3962 763 4018 autem
782 3945 931 4048 {credere
961 3958 1075 4032 supina
1107 3956 1228 4007 mauu

67 4040 188 4121 libareg
218 4041 402 4128 invergere
422 4061 496 4107 sero
525 4059 680 4106 conversa
709 4037 743 4103 in
769 4041 927 4098 uurstrurrr
952 4039 1078 4117 partem
1107 4040 1204 4126 uranu
1249 4088 1255 4115 Ι.

67 4128 114 4196 ita
135 4125 289 4208 fundere,
311 4139 348 4197 ut
367 4138 479 4215 patera
500 4136 712 4194 conserta-tur.
748 4119 850 4198 Haec·
870 4137 948 4184 vero·
966 4132 1032 4183 uon
1049 4112 1244 4185 sacrificare

798 4213 845 4301 ra
