2632 4658
319 116 350 196 .’
390 109 574 216 Mythogr.
599 100 672 189 111.
728 113 767 188 7.
811 115 866 220 d,
1072 126 1078 141 “
1119 118 1200 196 199

64 316 178 362 amore
203 293 314 363 dicunt
345 292 528 362 intabuisse.
584 293 798 385 Eandemque
833 297 922 389 ajunt
956 296 1049 367 usum
1087 322 1198 369 serrae

63 379 255 468 repperisse.
306 379 385 447 Fuit
412 389 519 446 sutem
551 390 586 448 et
616 379 669 448 hic
696 393 843 467 venator,
882 382 937 473 qui
967 384 1043 452 item
1065 407 1197 473 gravem

62 466 191 532 venatui
230 465 370 532 laborem
412 465 540 531 minimo
576 479 638 531 'ue
676 465 815 536 fructum
847 469 953 537 inesse
987 493 1057 537 com
1082 472 1196 554 eniens,
1231 531 1234 537 .

62 551 207 639 aliosque
228 561 409 630 venatores,
440 560 554 640 utpote
604 560 788 634 otaeonem,
817 553 961 621 Adonem
982 566 1017 622 et
1071 555 1193 646 ippoly-

62 649 130 704 tum
152 634 195 702 ad
215 637 336 704 tristem
358 633 467 702 videns
495 634 613 702 exitum
637 634 822 720 devenisse,
860 640 959 730 priori
978 637 1090 708 itidem
1111 643 1219 708 vitaeo

62 721 270 800 renuntiavit,
303 732 335 788 et
366 719 581 808 agriculturae
620 742 751 791 oeram
784 724 971 813 impendens
998 727 1029 791 in
1057 749 1098 792 ea
1120 727 1195 817 jugi

60 807 173 883 labore
201 827 303 894 usque
331 804 373 872 ad
404 807 538 872 maciem
568 820 626 894 per
651 819 742 900 pctus
771 822 831 877 est.
880 809 976 877 Unde
998 821 1031 879 et
1050 822 1195 894 matrem,
1225 810 1228 818 '

59 891 93 959 id
115 903 166 960 est
185 902 322 971 terram,
344 891 482 959 omnium
505 892 719 978 genetricem,
751 893 866 963 dicitur
893 894 1056 963 amavisse.
1099 897 1196 965 Haec

60 977 157 1044 etiam
179 977 361 1080 Polycarpe
382 976 468 1044 diota
489 987 549 1056 est,
570 976 657 1066 quod
678 978 785 1044 multi
803 978 945 1068 fructus
959 976 1193 1072 interpretatur.

60 1062 182 1130 'l'errae
205 1085 287 1130 emm
326 1061 448 1129 fructus
483 1072 573 1129 creat
607 1063 779 1130 universos.
844 1065 928 1141 Quia
957 1087 1034 1132 vero
1067 1068 1234 1135 cunetisto

59 1145 261 1219 venatoribus
283 1145 326 1212 de
343 1147 495 1235 pristinae
525 1146 601 1215 artis
631 1148 805 1237 opprobrio
826 1147 1031 1234 detrahebat,
1059 1173 1192 1233 serram,

59 1231 94 1299 id
115 1246 164 1301 est
181 1231 441 1320 maliloquium,
475 1231 607 1321 fingitur
633 1235 802 1301 invenisse·
862 1252 869 1265 ·

145 1319 177 1384 4.
216 1317 354 1386 Dianam
385 1318 480 1384 etiam
516 1341 536 1383 a
564 1319 693 1401 diesve,
734 1318 821 1408 quod
851 1330 925 1384 rete
954 1320 1192 1410 interpretatur,

59 1402 252 1493 Dictynnam
272 1424 501 1491 nuncupamus,
522 1401 689 1492 eidemque
714 1427 786 1470 cum
809 1404 934 1492 sagittis
954 1428 1048 1472 arcus
1067 1405 1191 1485 damus,

60 1489 135 1577 quis
156 1499 340 1567 venatores,
375 1488 490 1578 quibus
517 1502 664 1577 praeest,
702 1489 750 1556 his
772 1501 912 1557 utuntur.
927 1496 936 1511 ⁸
954 1489 1052 1565 Quod
1073 1512 1147 1556 vero
1170 1505 1231 1558 att

57 1574 135 1642 luna
153 1572 377 1641 humiditatem.
402 1574 497 1652 rebus
526 1576 693 1663 provenire
715 1574 869 1655 diximus,
907 1575 999 1642 Remi
1025 1576 1045 1596 ⁰⁸
1066 1575 1192 1644 ridetur

57 1659 249 1726 auctoritate
269 1657 396 1724 firmari.
439 1659 564 1726 Globus
585 1661 687 1734 enim,
708 1660 825 1749 inquit,
846 1661 940 1727 lunae
961 1685 998 1727 ve
1011 1661 1055 1731 uti
1075 1684 1190 1749 specu-

58 1743 123 1811 lum
144 1766 184 1810 ex
206 1765 281 1809 rore
303 1752 451 1811 constare
484 1742 608 1812 dicitur.
662 1745 758 1812 Unde
786 1758 819 1813 et
846 1746 1029 1825 humoribus
1063 1758 1192 1835 praeest

58 1841 91 1896 et
125 1839 310 1918 susceptum
352 1828 426 1896 solis
457 1829 657 1917 splendorem
693 1831 870 1911 revibrare,
913 1829 945 1895 id
977 1844 1026 1900 est
1051 1830 1191 1898 reddere

56 1925 174 2003 potest.
230 1914 355 1982 Dicitur
383 1927 416 1982 et
442 1913 537 1980 haina
574 1915 701 1982 sistrum
730 1914 851 1981 habere
880 1926 1013 2002 propter
1054 1916 1232 2005 primumao

57 1994 237 2066 mundanae
258 1999 439 2066 barmoniae
467 2013 595 2080 tonum,
630 2000 684 2086 qui
713 2022 733 2065 a
765 2010 852 2067 terra
881 2022 985 2088 usque
1012 1999 1053 2068 ad
1082 2001 1189 2097 luuapn

55 2097 118 2154 est.
169 2084 232 2151 Est
251 2097 357 2152 autem
380 2085 507 2152 sistrum
527 2107 632 2173 genus
654 2085 752 2151 tubae
775 2085 822 2151 rel
845 2085 975 2171 organi,
1009 2108 1072 2174 quo
1094 2097 1189 2169 utun-

55 2183 109 2239 tur
131 2179 254 2237 tantnm
272 2171 440 2260 Aegyptii,
469 2173 556 2258 quod
574 2171 607 2237 in
621 2169 790 2249 simulacro
810 2169 904 2237 Isidis
926 2170 1077 2259 pingitur.
1128 2171 1191 2241 Est
1229 2244 1236 2260 Ι

56 2264 173 2322 autem
190 2254 269 2335 Isis,
301 2266 339 2322 ut
368 2256 414 2324 ait
433 2256 581 2337 Servius,
617 2255 740 2323 Genius
760 2254 915 2347 Aegypti,
951 2257 1004 2346 qui
1025 2277 1084 2345 per
1104 2256 1188 2323 sistri

56 2351 199 2420 motum,
238 2339 326 2430 quod
352 2340 386 2406 in
419 2337 532 2408 dextra
562 2340 662 2430 gerit,
698 2340 762 2408 Nili
785 2363 946 2409 acresms
976 2351 1009 2408 et
1040 2359 1230 2410 recessurae

55 2425 234 2514 significan
255 2447 314 2515 per
333 2423 458 2495 situlam
477 2449 572 2505 vero,
602 2448 697 2516 quam
717 2427 889 2494 in·siuistra
910 2436 1016 2506 tenet,
1047 2426 1187 2507 omniurn
1285 2432 1290 2441 ‘

55 2511 241 2589 lacunarum
263 2512 427 2579 fluentiam
447 2511 594 2597 ostendit
635 2512 660 2577 S
682 2514 723 2576 ne
742 2511 930 2599 Isis'liugua
957 2512 1188 2601 Aegyptiorum

56 2608 143 2677 terra
161 2607 227 2676 est,
263 2610 365 2686 quant¹
386 2606 420 2664 et
446 2596 512 2664 Isin
541 2618 614 2664 esse
633 2535 749 2663 malunt
804 2597 860 2663 Alii
881 2610 1087 2664 tamencum
1107 2617 1188 2663 nave
1275 2632 1280 2661 ;

55 2681 100 2748 de
113 2664 269 2771 Graecia,
284 2681 465 2771 advectam,
497 2683 529 2749 in
551 2686 698 2786 Aegypto
716 2697 874 2769 regnasse
888 2683 1072 2772 perhibent,
1108 2704 1188 2749 ean·

55 2766 196 2855 deraque
215 2765 335 2836 litteras
356 2766 570 2858 Aegyptiacus
603 2788 736 2855 primam
764 2765 970 2835 adinvenisse.
1014 2769 1058 2834 Ut
1078 2778 1230 2837 antemon

55 2852 98 2920 ad
119 2851 286 2942 superiora
306 2870 526 2935 recurramus,
550 2876 610 2942 per
630 2851 816 2941 eonjugium
831 2854 976 2920 Plutonis
992 2864 1032 2922 'et
1050 2854 1188 2920 Proser-

54 2939 153 3027 pinae
179 2949 286 3007 terrae
311 2949 346 3007 et
377 2938 518 3006 humoris
544 2940 580 3004 ei·
607 2938 704 3005 innati
737 2939 874 3005 nonnulli
902 2938 1079 3026 intelligunt
1102 2960 1188 3005 con-

55 3023 234 3101 nexionem·
293 3024 361 3093 Per
389 3023 560 3093 Plutonem
594 3023 676 3088 enim
709 3032 815 3102 terra,
863 3025 914 3089 oui
940 3032 1086 3113 praeest,
1128 3044 1188 3113 per

54 3109 283 3199 Proserpinam
303 3111 418 3177 humor
436 3121 554 3177 terram
577 3107 752 3176 fecundans
767 3107 982 3194 significatum
1017 3128 1119 3196 quae,
1152 3118 1189 3174 ut

55 3195 162 3284 ajunt,
202 3195 284 3261 bene
319 3195 514 3285 Proserpina
548 3194 640 3281 quasi
673 3193 903 3281 proserpendo
936 3202 1027 3257 nata
1060 3190 1230 3272 dicitur,a⁶

77 3277 146 3346 uod
174 3278 291 3347 humor
316 3302 377 3370 per
405 3280 521 3348 herbas
542 3278 589 3345 vel
611 3278 742 3345 arbores
763 3289 945 3346 crescentes
967 3276 1188 3344 insensibiliter

56 3302 101 3432 de
122 3376 211 3433 terra
229 3377 344 3455 surgat
365 3377 399 3433 et
418 3367 456 3434 iis
485 3367 712 3433 incrementum
745 3363 898 3431 conserat.
949 3360 1046 3436 Quod
1076 3362 1189 3442 Ceres,

56 3473 143 3539 quae
163 3448 226 3517 ‘dea
247 3465 296 3520 est
316 3453 465 3539 frugum,
486 3451 714 3537 Proserpinam
736 3470 891 3533 quaerere
912 3444 1043 3524 dicitur,
1067 3447 1188 3533 fruges,

56 3547 94 3602 ut
116 3537 305 3640 perhibent,
338 3536 498 3624 significat
530 3536 645 3600 nimiae
673 3533 822 3600 siccitatis
850 3545 995 3618 tempore
1023 3531 1189 3599 humorem

57 3620 251 3691 desrderare.
294 3616 400 3698 ‘Quod
419 3620 645 3709 Proserpinam
664 3624 781 3706 poetae
800 3617 932 3698 Junonis
954 3637 1232 3706 nonnumquamto

58 3717 250 3777 venerantur
283 3707 430 3784 nomine,
463 3729 483 3773 a
508 3705 691 3772 Stoicorum
714 3701 867 3790 dogmate
887 3700 1092 3768 descendisse
1111 3702 1189 3769 dici-

58 3813 148 3881 mus,
170 3794 243 3880 qui,
263 3804 299 3875 ut
319 3814 416 3882 supra
437 3791 690 3869 memoravimus,
710 3794 807 3855 unum
824 3810 897 3856 esse
917 3787 1012 3854 deum
1030 3786 1190 3865 dixerunt,

58 3878 112 3945 cvi
133 3879 260 3946 nomina
282 3878 442 3945 variantur
469 3898 529 3965 pro
559 3875 683 3944 actibus
710 3885 744 3941 et
764 3874 887 3942 officiis.
940 3870 1034 3940 Unde
1054 3895 1189 3964 superos
1238 3881 1241 3886 '

56 3964 207 4031 daos⁶et
235 3963 353 4033 inferos
385 3961 502 4033 iisdem
530 3982 658 4050 quoque
691 3959 852 4029 vocabubs
883 3958 1096 4047 appellamus,
1138 3969 1190 4026 ut:

58 4050 192 4113 laracni
226 4048 403 4132 infernae.
419 4048 535 4113 dictus
572 4066 690 4124 socer,
722 4045 755 4113 id
786 4058 837 4114 est
874 4043 1095 4134 Proserpinae.
1146 4044 1231 4114 Etsc

58 4133 151 4203 alibi:
195 4134 341 4200 Sacrum
362 4131 442 4201 Jovi
468 4131 610 4222 Stygio,
643 4126 677 4198 id
701 4144 750 4200 est
771 4130 909 4198 Plutoni.
