2632 4658
28 262 33 274 ,
98 176 176 272 ‘oo
384 194 611 297 ,upupa
638 196 670 267 1.
727 147 935 269 111111.

123 387 156 450 et
186 380 349 473 proprium
380 372 497 446 nomen
531 379 627 446 fluvio
664 377 761 446 dedit
821 377 917 444 Unde
947 374 1044 457 mixta
1075 374 1159 444 baec
1190 375 1256 446 duo
1275 384 1302 465 ,¹

123 471 249 534 nomina
274 468 358 535 inter
379 466 462 532 Solis
490 463 586 530 filiurn
608 476 641 532 et
662 464 791 530 fluvium
818 463 1001 531 invenimus.
1043 462 1165 546 Postea
1188 463 1256 554 ejus

124 575 269 635 sorores,
298 552 484 618 Phaethusa
508 561 540 617 et
560 549 776 636 Lampetusa,
806 548 914 626 flendo
934 548 967 615 iu
989 548 1123 639 populos
1144 571 1276 616 versae-

124 643 205 707 s'unt.
255 637 333 703 Hac¹
356 637 403 701 ira
432 646 608 702 commotus
630 640 655 701 A
679 635 756 716 cllo,
785 635 893 700 fabros
916 635 1067 716 Sicanos,
1095 633 1169 702 lori
1188 634 1257 711 ful«

100 727 208 791 omtna
237 723 408 802 facientes,
433 720 600 786 interfecit.
645 659 850 810 (luapropter
872 720 1019 870 luppiter
1047 731 1129 787 eum·
1147 718 1257 797 diviui-

123 824 191 877 tate
219 808 323 891 exuit,
355 818 429 873 eta
457 804 544 871 caelo
573 804 707 897 dejecit
743 806 807 881 Qui
835 827 982 892 expuens
1011 807 1108 873 bores
1130 801 1256 875 Admeti

123 895 211 981 regis
241 911 299 982 per
326 903 462 980 quatuor
490 912 588 959 annos
618 892 702 980 parit
725 913 822 981 super
843 891 1000 960 Eurotam
1023 893 1171 976 flurium,
1202 891 1268 958 ubi

125 1001 221 1068 quam
242 978 348 1066 plures
371 976 482 1044 habuit
503 975 592 1044 filios.
1175 982 1195 1024 7

317 1216 320 1220 ,
366 1140 457 1218 119.
511 1143 771 1219 Mercurius
804 1145 1038 1254 et1Maja.
1085 1242 1091 1250 .
1134 1147 1169 1217 J
1219 1113 1239 1231 Ι,

83 1287 118 1334 to
192 1274 253 1340 :fn
296 1272 357 1341 iter
379 1273 482 1375 jacuit
510 1272 542 1338 in
566 1271 699 1360 Cyllene
726 1287 835 1343 monte
863 1297 935 1342 cum
956 1272 1059 1360 Maia,
1090 1280 1125 1340 et
1148 1270 1260 1341 babuit

123 1358 222 1427 filium
291 1380 470 1437 ercunum,
513 1378 615 1447 quem·
640 1358 726 1424 Juno
761 1360 807 1428 ita
838 1360 965 1442 dilexit,
1008 1356 1096 1445 quod
1127 1359 1264 1447 propria-

122 1468 261 1513 mamma
290 1466 364 1510 eum
391 1441 533 1522 luctavit,
565 1456 598 1510 et
628 1449 729 1510 artem
754 1445 911 1513 medicant
938 1442 1114 1514 insinuarit.
1157 1442 1259 1514 Pater

124 1554 199 1596 vero
221 1529 352 1598 tradidit
373 1531 403 1594 ei
424 1531 546 1615 virgam
567 1527 761 1612 caducesm3
791 1553 855 1621 qua
876 1533 902 1599 si
925 1554 1019 1621 quem
1041 1551 1080 1596 ex
1100 1528 1258 1616 grossiori

123 1627 216 1703 parte
243 1638 264 1681 a
291 1615 395 1701 capite
422 1625 591 1700 tangeret,
626 1629 821 1705 moreretur3
861 1639 956 1707 quern
986 1636 1064 1681 vero
1091 1638 1112 1681 a
1139 1614 1257 1696 subtili,

84 1704 250 1772 15viveret.
292 1700 470 1766 Mercurius
494 1698 583 1802 quasi
610 1699 749 1765 medica
770 1723 913 1766 currens
934 1684 1259 1788 diciturappellatds,

124 1786 212 1875 quod
233 1807 337 1853 sermo
360 1796 483 1850 currat
505 1797 586 1851 inter
607 1783 750 1850 homines
774 1786 925 1869 inediae
951 1786 1092 1854 undeet
1113 1786 1205 1853 velox
1228 1795 1262 1852 et

124 1893 234 1938 errans
259 1870 428 1937 inducitur.
470 1868 548 1935 Alae
575 1868 642 1959 ejus
666 1871 699 1935 in
725 1871 829 1958 capite
852 1884 886 1938 et
912 1873 944 1938 in
994 1872 1105 1938 edibus
1134 1872 1258 1958 signifi-

125 1969 218 2036 cant,
253 1957 414 2023 volucrem
445 1953 520 2020 ferri
548 1976 608 2043 per
637 1961 712 2021 aira
742 1961 921 2024 sermonem
987 1958 1105 2026 nntium
1139 1956 1261 2037 dicunt,

125 2042 275 2132 quoniam
308 2063 366 2131 per
404 2062 582 2114 sermonem
615 2041 718 2107 omnia
752 2042 894 2128 cogitata
924 2046 1115 2111 nuntiantur}
1178 2040 1278 2115 Ideo

64 2142 233 2203 ,boantem
261 2128 338 2195 furti
364 2127 552 2211 magistrum
580 2124 706 2206 dicum,
742 2129 816 2215 quia
844 2140 949 2195 sermo
978 2131 1099 2196 animos
1128 2128 1260 2196 audien-

124 2216 204 2282 tium
236 2212 321 2281 fallit.
384 2213 440 2277 Vir
466 2234 517 2276 am
549 2222 655 2292 tenet,
686 2234 759 2299 qua·
784 2224 949 2301 serpentes
980 2214 1109 2292 dividit,
1143 2213 1176 2279 id
1212 2223 1262 2281 est

125 2319 266 2367 venena:
303 2318 376 2363 uem
405 2297 426 2362 b
467 2306 555 2363 antes
587 2318 627 2363 ac
657 2296 845 2364 dissidentes
876 2299 1084 2389 interpretum
1114 2299 1260 2366 oratione

88 2457 91 2463 ,
124 2385 286 2453 sedantur.
328 2380 435 2462 Unde,
456 2379 632 2448 secundum
649 2381 783 2462 Livium,
805 2383 904 2471 legati
924 2386 1012 2473 pacis
1031 2384 1261 2452 caduceatores

125 2470 283 2541 dicuntur.
337 2468 428 2535 Sicut
460 2467 543 2536 enlm
577 2489 635 2554 per
664 2466 793 2534 feciales
827 2469 907 2536 bella
930 2469 1181 2550 indicebantur,
1216 2471 1279 2536 ita.

82 2575 186 2645 atpax
211 2577 271 2643 per
297 2552 527 2621 caduceatores
552 2553 659 2619 fiebat.
701 2555 840 2622 Hermes
864 2566 969 2624 autem
993 2555 1108 2622 dicitur
1131 2557 1261 2623 Graece

125 2636 195 2710 ἀπὸ
228 2641 288 2720 τῆς
323 2641 524 2727 ἑρμηνείας,
565 2637 681 2705 Latine
712 2639 877 2728 interpres.
942 2643 1006 2717 Qut
1038 2643 1080 2708 ob
1114 2641 1262 2709 virtutem

45 2784 46 2791 ,
124 2725 358 2812 multarumque
389 2725 502 2789 artium
531 2723 695 2792 scientiam
717 2724 1053 2814 'I'rismegistus‚,
1076 2725 1109 2792 id
1135 2738 1187 2794 est
1211 2739 1263 2793 ter

124 2811 298 2893 maximus,
337 2809 514 2874 nominatus
549 2820 607 2875 est
667 2808 736 2873 Cur
769 2822 876 2880 autem
907 2835 979 2879 eum
1012 2813 1115 2914 capite
1147 2813 1262 2879 canino

124 2898 268 2983 fingunt,
297 2894 379 2960 haec
401 2894 488 2961 ratio>
503 2893 636 2973 dicitur,
665 2894 752 2980 quod
776 2896 859 2963 inter
880 2899 986 2966 omnia
1010 2897 1153 2964 animalia
1176 2898 1263 2965 canis

83 2981 364 3070 aosagaoissimum
385 3001 489 3066 genus
512 2980 545 3047 et
565 2979 730 3068 perspicax
753 2981 915 3050 habeatur.
1258 2983 1262 2991 '

50 3123 88 3210 fs
175 3143 269 3221 120.
323 3145 498 3222 Semele
529 3160 572 3222 et
603 3148 736 3221 filius
766 3140 866 3248 ejus
895 3147 1037 3221 Lib'cr
1067 3157 1211 3246 pater.

209 3273 355 3365 Juppiter
378 3298 451 3343 cum
470 3275 598 3343 Semele
619 3273 805 3352 concubuit,
834 3273 876 3339 de
899 3296 962 3377 qua
983 3286 1075 3366 natus
1097 3286 1146 3341 est
1163 3272 1265 3354 Liber

124 3374 225 3451 pater.
268 3362 317 3430 Ad
347 3380 442 3450 quarn
469 3385 543 3428 cum
572 3359 700 3428 fulmine
729 3359 876 3448 veniens,
907 3360 957 3427 tta
989 3361 1121 3448 crepuit.
1162 3358 1263 3440 Unde

124 3462 216 3536 pater
246 3470 380 3538 puerum
411 3445 542 3525 t'ollcns,
584 3447 616 3513 in
650 3447 771 3512 femore
803 3467 860 3511 suo
895 3447 997 3528 misit;
1037 3457 1109 3534 post
1138 3443 1265 3510 Maroni

82 3551 118 3600 31
127 3535 328 3601 nutriendum
353 3533 452 3601 dedit.
500 3534 566 3600 Hic
586 3533 708 3600 Indiam
735 3530 917 3614 debellavit,
948 3545 982 3601 et
1002 3529 1183 3601 interdeos
1207 3529 1266 3620 de-

123 3631 256 3707 putatus
284 3632 341 3686 est.
390 3619 599 3707 Itaquecum
621 3617 748 3686 Semele
775 3629 912 3705 quatuor
937 3641 1065 3685 sorores
1088 3615 1266 3706 appellatae

123 3714 216 3787 sunt,
244 3706 324 3781 Ino,
353 3706 516 3784 Autonoe,
536 3705 673 3785 {Semele
700 3712 734 3770 et
758 3704 885 3788 Agare3
923 3707 1005 3792 quae
1029 3710 1137 3790 Agave
1167 3714 1266 3791 caput

124 3791 177 3856 filii
205 3791 355 3857 violenter
384 3790 527 3858 abscidit.
577 3792 651 3858 Hae
676 3799 813 3877 quatuor
840 3811 967 3856 sorores
987 3790 1138 3855 Bacchae
1151 3788 1266 3856 'diotae

125 3886 216 3958 sunt,
251 3888 284 3944 et
304 3876 437 3964 mystice
463 3892 522 3963 per
549 3875 606 3942 bas
631 3887 767 3965 quatuor
795 3875 954 3942 ebrietatis
983 3897 1105 3962 genera
1133 3875 1265 3961 signan-

85 3974 195 4039 totur,
228 3962 261 4029 id
282 3975 331 4028 est
349 3961 534 4040 vinolentia,
567 3962 699 4042 oblivio,
729 3958 846 4039 libido,
875 3960 1012 4028 insania.¹
1047 3963 1264 4026 Juno'autem

128 4058 309 4133 suspectam
341 4047 475 4112 eandem
504 4048 682 4126 Semelam,
724 4045 839 4112 Cadmi
870 4057 903 4113 et
933 4047 1125 4113 Hermiones
1155 4045 1264 4126 filiam,

126 4154 224 4219 qurum
251 4133 402 4210 haberet,
434 4131 616 4235 quodcum
639 4134 719 4199 Jove
745 4133 985 4210 concubuisset,
1014 4132 1045 4197 in
1071 4152 1163 4199 anum
1187 4155 1266 4200 con-

127 4240 236 4300 versa,
265 4219 326 4287 hac
349 4219 487 4301 fallacia,
519 4231 553 4286 ut
574 4241 609 4286 se
631 4222 671 4286 ab
696 4217 809 4283 invidia
838 4218 1024 4307 cujusquam
1049 4217 1264 4287 ulcisceretur.
