2632 4658
255 121 257 124 ·
345 106 606 208 synogas.
659 106 938 220 ara-rar..
1034 150 1039 155 -
1120 52 1227 187 rao

70 294 316 384 pulcherrimum
349 302 381 358 et
410 302 630 381 mansuetum·
658 296 761 367 Quem
809 294 883 360 uoln
905 278 1068 381 diligeret,
1100 295 1221 367 lassus·

67 401 212 447 somnum
240 381 299 447 sub
329 379 452 442 arbore¹
473 399 605 464 carpere
635 379 748 466 coepit.
785 317 905 446 habito
936 382 1090 449 excitatus
1119 394 1200 450 stre-

65 467 154 553 pitu,
187 485 313 529 cervum
342 461 453 547 longe,¹
467 461 558 540 vidit;
590 484 684 546 quern
717 461 850 529 crederis
883 463 1070 546 silyestrem,
1105 469 1199 536 missa

65 551 185 636 sagitta
210 570 281 613 eum
305 545 479 623 interemit,
511 546 684 634 agnitoque
709 549 741 612 in
771 558 890 614 lantum
913 551 1072 632 extabuit,
1100 564 1137 619 ut
1157 555 1197 619 ab

64 635 150 700 omni
171 635 244 698 cibo
267 641 299 698 et
319 643 394 732 pota
415 630 597 697 abstineret.
641 632 714 705 Quo
735 633 936 713 tabescente,
958 636 1067 723 Apollo
1088 637 1223 706 miser-5

64 732 114 788 tus
137 719 226 810 ejus,
255 726 347 788 vernt
368 737 440 782 eum
461 716 493 805 in
514 714 662 782 arboreni
683 718 731 784 sui
753 717 885 784 nominis
906 739 1102 806 cupressum
1197 800 1202 815 .

375 881 468 956 rra.
522 884 686 958 nauem
719 862 903 965 staura..
984 876 986 881 ’

150 1013 313 1094 Silvanus,
340 1010 420 1076 deus
441 1010 603 1092 silvarum,
635 1010 791 1079 adamavit
810 1035 961 1100 puerum,
993 1013 1197 1102 Cyparissum
1226 1017 1228 1023 ’

63 1101 208 1178 nomine,
235 1101 288 1184 qui
318 1096 459 1181 babebat
485 1096 764 1165 mansuetissimam
793 1121 928 1173 cervam.
979 1099 1077 1164 Hanc
1100 1123 1197 1187 quum
1235 1160 1239 1165 .

65 1186 210 1252 Silvanus
234 1182 357 1248 nescius
378 1179 564 1260 occidisset,
582 1202 679 1270 puer·
696 1195 744 1247 est
767 1184 924 1253 extinctus
943 1181 1070 1263 dolore;
1102 1205 1240 1273 quemlc

66 1283 189 1337 amator
209 1265 289 1333 deus
309 1267 341 1330 in
364 1282 567 1350 cupressum,
596 1269 743 1331 arborem
765 1269 896 1333 nominis
919 1268 1004 1359 ejus,
1033 1271 1198 1351 convertit,

65 1377 161 1443 quam
183 1353 277 1420 etiam
299 1372 356 1438 pro
379 1349 490 1416 silatio
512 1351 640 1439 estinpti
660 1363 789 1441 portare
811 1351 934 1425 dicitur.

429 1509 521 1584 179.
582 1516 838 1615 Priapus.

151 1642 287 1732 Priapus
314 1661 411 1730 quum
437 1639 545 1708 hoton
574 1641 754 1732 Nympham
784 1657 919 1712 amatam
944 1653 1199 1732 persequeretur,

64 1731 123 1805 illa¹
146 1727 279 1795 deornm
305 1722 511 1793 miseratione¹
533 1727 566 1793 in
589 1730 735 1793 arborem
766 1751 855 1795 versa
887 1741 955 1809 est,
990 1753 1072 1818 qnae
1102 1731 1238 1819 vulgato

64 1808 157 1900 {aba
178 1814 327 1903 Syriaca
350 1809 475 1878 dicitur.
548 1822 551 1829 ’
577 1856 581 1862 -

275 1978 367 2054 180.
421 1977 622 2078 Alciope
657 1989 700 2078 et
731 1939 989 2071 Narcissus.

111 2188 112 2192 Ἰ
150 2107 280 2196 lllciope
300 2108 448 2197 Nympha
470 2102 510 2174 ex
528 2129 620 2173 amne
641 2106 780 2210 Cephiso
802 2105 986 2184 Narcissum
1009 2111 1196 2196 procreauit,

66 2195 121 2262 cui
150 2195 293 2260 Tiresias
322 2195 426 2259 omnia
452 2215 604 2282 prospera
631 2191 784 2281 polbcitus
814 2210 880 2270 est,
914 2193 940 2258 si
972 2193 1196 2280 pulchritudini

67 2289 189 2348 tantum
215 2301 294 2346 suae
322 2301 385 2345 non
413 2277 495 2343 adeo
522 2275 705 2345 confideret.
747 2278 844 2343 Hunc
871 2277 969 2364 igitur
989 2279 1100 2357 Echo,
1134 2280 1239 2350 tiliaco

67 2364 218 2445 Junonis,
244 2386 344 2451 quum
375 2362 540 2450 diligeret,
566 2375 599 2430 et
616 2363 665 2428 sui
691 2361 830 2450 potiendi
851 2363 931 2445 viam
954 2385 1015 2427 non
1036 2364 1197 2446 inveniret,

68 2472 180 2518 amore
188 2449 323 2550 juvenis,
345 2448 596 2536 quemestrernis
611 2449 739 2513 vocibus
748 2446 922 2533 lugientem
937 2448 1196 2534 persequebatur,

68 2520 222 2602 extabunt.
265 2534 364 2624 Cujus
379 2535 408 2597 in
424 2531 559 2620 lapidem
576 2555 686 2604 versae
710 2544 742 2599 et
762 2532 792 2598 in
815 2533 972 2598 montibus
992 2533 1196 2600 absconditae
1216 2532 1223 2539 ’

67 2643 131 2687 vox
163 2631 282 2686 tantum
312 2617 447 2684 auditur.
489 2618 528 2683 Id
554 2617 716 2685 tamensi
743 2617 861 2683 accidit
885 2617 1016 2683 Junonis
1038 2617 1196 2699 instinctu,

67 2703 157 2794 quod
178 2702 362 2791 garrulitate
383 2727 440 2768 sua
462 2726 531 2769 eam
553 2726 649 2790 saepe
668 2698 752 2769 esset
771 2713 909 2780 morata,
937 2726 978 2768 ne
1003 2703 1132 2784 Jovem,
1162 2707 1194 2770 in
1203 2725 1238 2775 25

67 2791 227 2869 montibus
245 2788 408 2876 Nymphas
451 2800 685 2874 essequentem,
717 2785 957 2873 deprehendere
984 2801 1101 2876 posset.
1143 2791 1196 2856 Ob

67 2875 101 2940 id
124 2879 218 2942 etiam
239 2873 338 2939 fertur
359 2874 400 2938 ob
422 2813 651 2940 deformitatem
674 2873 829 2939 montibus
852 2894 922 2938 esse
944 2874 1125 2954 recondita,
1156 2898 1197 2940 nc
1297 2900 1299 2903 ·

68 2959 149 3048 qnid
178 2958 246 3040 eius
272 2970 399 3046 praeter
429 2981 537 3024 vocem
568 2957 706 3044 conspici
734 2956 841 3044 possit.
884 2957 1069 3024 Narcissum
1090 2969 1197 3025 autem

68 3043 287 3131 supradictum
315 3044 356 3107 ob
377 3041 502 3108 nimiam
524 3040 756 3129 despectionem
779 3053 812 3107 et
832 3041 1069 3123 crudelitatem,
1101 3065 1195 3128 qnam
1245 3047 1248 3053 ’

67 3131 101 3196 in
122 3129 216 3196 Echo
236 3127 622 3207 exercuerat,'Nemesis,
643 3126 677 3193 id
698 3138 746 3193 est
766 3126 909 3194 Fortuna
925 3127 1016 3194 ultrix
1036 3128 1259 3196 fastidienac·

68 3216 165 3295 tium,
185 3214 228 3296 lin
259 3235 397 3279 amorem
419 3213 470 3287 sui¹
491 3213 654 3301 compulit,
681 3222 717 3279 ut
737 3233 800 3276 nnn
821 3212 932 3293 minori
953 3236 992 3278 ac
1014 3213 1062 3278 illa
1085 3236 1196 3279 exure·
1224 3276 1227 3284 ,

68 3312 160 3366 retur
181 3299 268 3386 igne.
309 3298 373 3373 Qui
394 3321 489 3385 quum
502 3321 540 3364 ex
562 3298 688 3364 assidua
710 3297 898 3383 fatigatione
918 3298 1088 3364 venationis
1110 3299 1209 3385 juxta·
1251 3353 1256 3360 ,

19 3399 22 3402 “
68 3385 190 3452 sontem
211 3383 446 3472 procubuisset,
478 3393 510 3450 et
535 3384 680 3449 hauriens
704 3404 835 3468 aquam,
863 3383 1033 3466 imaginem
1055 3382 1103 3447 sui
1124 3405 1196 3470 per·
1250 3450 1257 3460 ,

10 3544 12 3551 ,
67 3471 242 3572 spexisset,
263 3466 395 3534 alienam
414 3476 545 3556 putans,
567 3467 737 3545 adamarit,
759 3464 890 3551 e‘usque
912 3465 1075 3532 desideriis
1096 3466 1140 3532 ita
1160 3479 1196 3534 ut

67 3568 133 3621 urta
153 3555 343 3641 privaretur,
365 3553 506 3620 intabuit.
548 3553 599 3619 Ex
622 3551 709 3636 cujus
731 3573 747 3615 r
777 3549 866 3636 rquiis
887 3551 947 3615 flos
970 3551 1078 3630 oritur,
1101 3575 1235 3637 quernas

49 3638 209 3728 Najades
241 3638 423 3727 Nymphae,
455 3659 563 3705 casum
590 3637 693 3704 fratris
714 3637 846 3714 flentes,
876 3634 1048 3702 narcissum
1070 3638 1195 3706 nomine

67 3735 306 3793 annotaverunt-¹

403 3889 490 3967 181.
545 3872 852 3993 Hyacinthus.

152 4020 353 4106 Hyacinthus
382 4043 463 4108 puer
488 4017 660 4086 adamatos
673 4010 677 4015 ⁵
690 4032 739 4087 est
766 4032 831 4088 tam
843 4042 877 4085 ·a
895 4019 1009 4097 ‚Borea
1038 4042 1130 4108 quam
1150 4021 1193 4085 ab

69 4104 220 4194 Apolline.
271 4106 336 4182 Qui
358 4129 454 4196 quum
474 4107 577 4192 magis
598 4106 744 4194 Apollinis
773 4127 880 4172 amore
900 4105 1085 4185 laetaretur,
1108 4106 1234 4172 -dnmao

832 4299 834 4302 ⁴
886 4290 912 4330 r(
