2632 4658
169 242 172 265 ,
338 80 632 247 'Midou-111·
688 128 857 230 usic..
1091 145 1176 223 20,

27 344 104 407 tur,
134 328 535 422 Apollini'consecrantur,
567 337 680 418 utpote
702 325 765 395 deo
787 327 982 412 medicinae,
1024 352 1060 399 cr
1076 318 1172 420 ¹quem

23 417 139 485 lucem
169 417 354 485 sortiuntur.
405 417 494 485 Hinc
521 427 554 483 ct
581 412 805 503 Aesculapius,
837 416 917 504 'quia
953 441 974 483 a
1001 354 1172 487 horonitis

28 516 126 571 utero
165 502 279 570 dicitur
306 513 472 584 exsectus,
508 500 607 589 ipsius
636 501 770 591 fipgitur
797 499 887 568 lilius.
941 501 1172 591 Interpretatur
1276 533 1279 537 ¹

29 587 141 656 aulem
172 586 377 690 Aesculapius
407 588 495 652 dure
510 585 668 737 ssfarciens.
724 587 903 653 Caesarum
930 589 1025 656 etism
1057 588 1171 655 familia

28 674 108 740 ideo
136 697 233 767 saera
255 676 415 748 retinebat
439 673 510 760 Apo
530 671 617 751 inis,
653 673 728 759 qnia
759 671 813 758 qui
840 670 959 760 primus
989 673 1032 740 de
1058 691 1196 743 eorumt

30 759 152 827 familia
176 759 250 840 snit,
285 771 415 829 exsecto
438 759 548 825 matris
570 768 679 823 ventre
701 769 751 824 est
772 771 968 844 procreatus.
1025 759 1122 827 Unde
1140 772 1173 827 et

31 869 53 912 u
75 842 248 921 caedendo
279 845 402 910 Caesar
432 843 539 911 dictus
573 855 639 924 est,
676 842 753 910 licet
780 843 887 910 variae
916 845 1009 934 hujus
1027 846 1172 914 nominis
1299 902 1300 908 ,

31 930 184 998 dicantur
208 929 431 1019 etymologiae.
501 1004 503 1010 k
1100 930 1104 937 '

121 1044 172 1110 16.
215 1042 342 1111 Dicitur
360 1041 417 1108 Sol
436 1040 470 1106 in
491 1061 647 1106 occanum
668 1041 791 1130 mergi,
811 1053 845 1111 et
871 1042 914 1109 ibi
936 1042 1069 1130 fatigata
1097 1046 1170 1111 reli-

34 1150 114 1197 cere
135 1127 271 1208 lumina,
303 1126 443 1214 indeque
462 1148 559 1209 ¹manc
578 1126 662 1193 lotus
684 1142 861 1216 emergere.
916 1129 1044 1195 Revera
1064 1141 1213 1199 antemio

33 1215 122 1302 ignis
141 1212 215 1280 solis
235 1238 253 1281 a
276 1236 318 1279 ua
339 1214 493 1290 nutritnr;
514 1209 601 1298 qnod
624 1224 657 1279 et
674 1214 836 1301 poeticum
858 1213 1044 1302 figmentum
1066 1224 1172 1282 osten-

34 1303 102 1379 dit,
135 1298 223 1386 quod
255 1238 371 1365 ilicitnr
401 1297 548 1385 luppiter
570 1319 642 1362 cum
666 1299 781 1366 ceteris
804 1298 862 1364 diis
892 1302 933 1364 ab
964 1299 1171 1389 Aethiopibus

33 1387 79 1452 ad
103 1384 212 1472 epulas
233 1384 390 1451 invitatus.
431 1382 602 1469 Aethiopes
626 1385 707 1449 enirn
733 1384 824 1472 juxta
845 1406 999 1450 occanum
1019 1386 1170 1464 habitant,
1272 1456 1277 1467 ,

33 1472 132 1560 cnjus
154 1492 237 1558 aqna
260 1470 322 1534 VlI
344 1469 537 1557 planetarum
559 1469 651 1554 ignes
683 1482 866 1556 pascuntur.
919 1472 1025 1536 [labet
1055 1471 1170 1547 fabula,

35 1563 170 1623 Atreum
189 1567 235 1621 -et
268 1555 447 1643 Thyestem
477 1543 650 1639 gdrmanos
682 1578 778 1642 quum
816 1557 848 1620 in
878 1554 1074 1622 dissensione
1112 1557 1214 1624 sibitt

39 1663 162 1707 nocere
189 1663 251 1705 non
284 1642 436 1728 possent,
469 1639 502 1703 in
530 1640 706 1706 simulatam
740 1641 876 1727 gratiam
908 1640 1049 1721 rediisse.
1100 1643 1197 1718 Qua,
1251 1718 1253 1722 .

34 1728 210 1795 occasione
231 1726 392 1814 Thyestes
413 1744 487 1791 cum
509 1722 601 1791 fratis
618 1747 719 1790 uxore
740 1722 920 1793 concubuit.
962 1728 1077 1810 Atreus
1098 1748 1174 1793 vero

35 1813 138 1880 lilium
161 1812 191 1878 ei
212 1810 580 1911 epolandnmappcsnit.
636 1808 731 1884 Quod
753 1811 810 1876 Sol
840 1811 969 1890 ridens,
1007 1832 1047 1878 ne
1075 1804 1175 1901 pollu-

37 1909 172 1977 eretur,
214 1896 349 1984 aulugit.
403 1894 552 1963 Veritatis
586 1896 815 1984 artnentum
845 1896 989 1981 Servium
1020 1898 1173 1965 tantillum

29 1994 113 2059 est.
156 1986 269 2049 Atreus
308 1979 395 2070 apud
426 1981 580 2070 Mycenas
619 1980 693 2046 solis
721 1980 860 2070 eclipsim
897 1981 1017 2069 primus
1045 1983 1216 2051 invenitus

39 2071 108 2137 Cui
130 2067 270 2147 invidens
290 2067 451 2143 iraterex
473 2062 552 2130 urbe
571 2064 717 2132 discessit
737 2072 901 2155 tempore,
922 2083 986 2155 quc
1009 2066 1076 2150 eius
1099 2092 1174 2157 pro-

38 2156 121 2222 bata
141 2153 332 2223 suntdicta.
383 2153 475 2219 ‘Sane
497 2150 624 2217 numina
653 2174 711 2238 pro
730 2150 808 2220 locis
829 2165 893 2218 tam
916 2154 1038 2239 figuras
1061 2156 1174 2229 turias,

66 2263 140 2306 uam
174 2251 207 2306 et
245 2239 372 2306 nomina
406 2237 531 2303 diversa
573 2237 756 2304 sortiuntur.
815 2237 900 2303 Nam
941 2236 1051 2326 Apollo
1089 2241 1175 2329 apud

38 2265 187 2412 belphos
208 2324 346 2390 humana
368 2322 495 2409 effigie,
521 2320 606 2409 apud
628 2322 761 2425 Lyciam
782 2322 888 2413 lupina
910 2320 1058 2411 lingitur,
1087 2327 1173 2413 apud

36 2407 148 2479 Dblon
168 2430 244 2477 vero
266 2411 401 2475 formam
421 2407 751 2481 habetdracomnam.
795 2409 1217 2483 Constatetiam'secnn-ss
1292 2429 1294 2433 ·

38 2496 123 2562 dum
150 2496 218 2561 Por
241 2492 321 2598 hyrii
350 2493 483 2572 librum,
527 2515 621 2581 quem
658 2493 769 2558 Solem
807 2494 987 2606 appellavit,
1022 2496 1176 2582 triplicem

22 2594 119 2649 'esse
138 2520 284 2685 Apollinis
305 2589 515 2669 potestaoem,
536 2591 570 2643 et
591 2577 726 2643 eundem
749 2600 820 2669 esse
845 2580 952 2646 bolem
974 2581 1060 2668 apud
1082 2592 1177 2670 snpe-
1199 2659 1202 2664 ι
1286 2621 1289 2625 ·

12 2684 16 2689 ·
41 2688 122 2748 ros,
139 2667 293 2737 biberunt
311 2676 438 2754 patrem
458 2664 491 2729 in
511 2662 615 2743 terris,
637 2663 809 2751 Apollinem
831 2664 918 2753 apud
933 2666 1071 2748 inferos3
1093 2669 1178 2747 unde
1201 2732 1204 2736 ,
1266 2730 1276 2750 ,,

41 2764 82 2821 et
105 2751 202 2843 adyta
223 2752 254 2819 ei
277 2751 516 2819 consecrantur.
569 2747 632 2815 Est
664 2761 770 2814 autem
802 2748 934 2840 adytum
966 2747 1096 2819 interior
1130 2752 1177 2818 tel
1215 2794 1221 2805 ,

42 2838 208 2907 subterior
228 2858 302 2941 pars
324 2848 387 2904 tem
412 2836 432 2900 li
462 2836 547 2902 dicta
582 2851 641 2922 per
661 2834 873 2985 antiphrasin,
909 2836 995 2924 quod
1017 2840 1220 2925 espancisso
1271 2884 1274 2904 .

37 2925 153 2993 idest
181 2924 256 2991 solis
281 2944 360 2989 sace
401 2919 505 2988 cubus
525 2919 667 2986 adeatur.
741 2919 803 2984 nde
835 2921 929 2986 etiam
957 2923 1018 2988 tria
1044 2923 1181 3010 insignia

43 3010 138 3077 eirca
160 3008 227 3098 ejus
247 3006 462 3089 ,simulacrum
490 3005 650 3082 ridemus,
684 3000 803 3091 lyram,
837 3026 920 3093 quae
942 3008 1032 3072 nobis
1053 3008 1180 3074 harmo-

38 3095 123 3161 ¹niae
147 3093 292 3165 caelestis
309 3093 480 3178 imaginem
503 3099 673 3166 monstrat,
709 3089 873 3190 gryphen,
909 3091 963 3178 qni
992 3109 1064 3158 eum
1086 3089 1181 3160 etiam

42 3193 213 3248 terrenum
234 3199 351 3244 numen
374 3176 522 3256 ostendit,
544 3196 578 3241 sa
605 3174 687 3251 ittas,
711 3178 825 3261 quibus
851 3174 992 3243 infernus
1013 3189 1046 3243 et
1069 3179 1181 3245 noxius

43 3264 132 3331 deus
152 3264 319 3332 indicatur.
351 3263 441 3328 Inde
460 3272 495 3329 et
512 3197 624 3350 Apollo
644 3280 663 3326 a
684 3260 813 3327 Graeco
833 3253 989 3340 ἀπολεῖν,
1014 3261 1047 3327 id
1070 3274 1119 3330 est
1139 3259 1222 3342 shss

41 3351 315 3416 exterminando
336 3348 384 3414 rel
397 3345 592 3435 perdendo,
626 3357 661 3411 ut
685 3344 838 3424 diximus,
871 3344 975 3413 dictus
997 3359 1055 3417 est.
1097 3345 1183 3418 Hinc
1218 3358 1249 3385 ''

47 3448 122 3514 est,
154 3434 242 3523 qood
263 3435 427 3501 Homerus
450 3452 522 3498 enm
545 3445 609 3499 tam
633 3431 829 3518 pestilentiae
860 3429 937 3497 dicit
958 3453 1052 3517 quarn
1075 3433 1183 3502 salutis
1251 3477 1256 3485 x

44 3531 227 3588 auctorem.
269 3521 357 3586 Hinc
377 3531 410 3586 et
430 3517 511 3585 irato
533 3515 664 3604 Apollini
687 3534 798 3580 arcum
820 3526 852 3580 et
872 3516 1026 3602 sagittas,
1057 3517 1184 3604 placido

44 3627 129 3673 vero
150 3606 536 3697 citharamassignamus.
590 3599 688 3667 Unde
709 3599 881 3666 Horatius:

80 3756 83 3761 ·
139 3714 285 3802 Condito
305 3714 405 3782 mitis
419 3709 652 3813 placidusque
675 3705 724 3772 tel
761 3760 764 3765 ,
982 3790 985 3797 Δ
1190 3722 1227 3775 40

138 3799 320 3890 Supplices
337 3801 424 3866 uude
439 3819 567 3887 pueros
591 3792 729 3882 Apollo.
991 3822 994 3827 ·

138 3909 264 3981 Dicitur
283 3924 389 3980 autem
413 3920 447 3977 et
463 3906 536 3975 ideo
562 3905 660 3996 lyram
682 3900 818 3983 habere,
857 3895 946 3994 qnod
967 3921 1026 3994 per
1049 3922 1197 3974 concon·

48 3998 140 4069 diam
161 3999 275 4080 caloris
296 4010 330 4065 et
352 3996 493 4064 humoris
520 3994 625 4059 omnia
658 3997 885 4079 temperantur.
937 3987 984 4058 Et
1011 3993 1186 4071 mathema.

50 4087 110 4156 tici
133 4094 296 4163 asserunt,
318 4083 463 4171 quotiens
486 4080 535 4150 sol
556 4103 627 4147 cnm
651 4098 729 4145 arcu
756 4076 957 4164 apparuerit,
977 4078 1185 4167 pestilentiam

49 4174 309 4241 subsecuturam.
388 4249 391 4256 Ι
441 4228 443 4233 .
935 4222 938 4227 .
1194 4181 1228 4230 ts

783 4269 866 4384 n,
